Trade_Date,Make_Date,Index_Type,Security_Code,Time,Trade_Price,Price_Type,Trade_Volume,No,Contract_Month
20190801,20190731,73,164090073,163001046,27222,O,1,1,201909
20190801,20190731,73,164090073,163353058,27222,N,2,2,201909
20190801,20190731,73,164090073,164432390,27225,N,4,3,201909
20190801,20190731,73,164090073,164544029,27225,N,1,4,201909
20190801,20190731,73,164090073,170452990,27223,N,1,5,201909
20190801,20190731,73,164090073,171553651,27223,N,5,6,201909
20190801,20190731,73,164090073,171833792,27224,N,2,7,201909
20190801,20190731,73,164090073,172004033,27224,N,1,8,201909
20190801,20190731,73,164090073,172333021,27224,N,1,9,201909
20190801,20190731,73,164090073,174126650,27215,N,1,10,201909
20190801,20190731,73,164090073,174238017,27215,N,1,11,201909
20190801,20190731,73,164090073,183144659,27228,N,1,12,201909
20190801,20190731,73,164090073,184642209,27216,N,2,13,201909
20190801,20190731,73,164090073,184659931,27216,N,1,14,201909
20190801,20190731,73,164090073,192351232,27216,N,1,15,201909
20190801,20190731,73,164090073,195230609,27204,N,1,16,201909
20190801,20190731,73,164090073,195908791,27214,N,1,17,201909
20190801,20190731,73,164090073,201822746,27218,N,1,18,201909
20190801,20190731,73,164090073,201837729,27221,N,1,19,201909
20190801,20190731,73,164090073,210048931,27221,N,2,20,201909
20190801,20190731,73,164090073,211917356,27223,N,1,21,201909
20190801,20190731,73,164090073,212011647,27221,N,1,22,201909
20190801,20190731,73,164090073,212204559,27222,N,5,23,201909
20190801,20190731,73,164090073,221414463,27210,N,1,24,201909
20190801,20190731,73,164090073,221947213,27218,N,2,25,201909
20190801,20190731,73,164090073,223501791,27216,N,10,26,201909
20190801,20190731,73,164090073,224103577,27235,N,1,27,201909
20190801,20190731,73,164090073,224103578,27235,N,2,28,201909
20190801,20190731,73,164090073,224103578,27235,N,2,29,201909
20190801,20190731,73,164090073,224513488,27234,N,14,30,201909
20190801,20190731,73,164090073,224513488,27234,N,6,31,201909
20190801,20190731,73,164090073,225659774,27216,N,1,32,201909
20190801,20190731,73,164090073,225735757,27216,N,2,33,201909
20190801,20190731,73,164090073,230405833,27217,N,1,34,201909
20190801,20190731,73,164090073,232016073,27188,N,10,35,201909
20190801,20190731,73,164090073,232053191,27187,N,1,36,201909
20190801,20190731,73,164090073,233405025,27171,N,1,37,201909
20190801,20190731,73,164090073,233640709,27163,N,1,38,201909
20190801,20190731,73,164090073,233929788,27151,N,1,39,201909
20190801,20190731,73,164090073,234343359,27160,N,1,40,201909
20190801,20190731,73,164090073,234528346,27143,N,3,41,201909
20190801,20190731,73,164090073,234702988,27154,N,1,42,201909
20190801,20190731,73,164090073,234950420,27150,N,1,43,201909
20190801,20190731,73,164090073,235630467,27160,N,11,44,201909
20190801,20190731,73,164090073,235639899,27160,N,3,45,201909
20190801,20190731,73,164090073,000440003,27162,N,11,46,201909
20190801,20190731,73,164090073,000443557,27162,N,5,47,201909
20190801,20190731,73,164090073,000443682,27162,N,4,48,201909
20190801,20190731,73,164090073,000856409,27160,N,10,49,201909
20190801,20190731,73,164090073,000900333,27160,N,5,50,201909
20190801,20190731,73,164090073,000900531,27160,N,5,51,201909
20190801,20190731,73,164090073,001454877,27170,N,1,52,201909
20190801,20190731,73,164090073,002204092,27180,N,1,53,201909
20190801,20190731,73,164090073,004703895,27174,N,5,54,201909
20190801,20190731,73,164090073,010719748,27181,N,1,55,201909
20190801,20190731,73,164090073,013255370,27173,N,1,56,201909
20190801,20190731,73,164090073,013716701,27173,N,1,57,201909
20190801,20190731,73,164090073,014039271,27164,N,1,58,201909
20190801,20190731,73,164090073,014107418,27162,N,1,59,201909
20190801,20190731,73,164090073,014121504,27161,N,1,60,201909
20190801,20190731,73,164090073,014328078,27165,N,1,61,201909
20190801,20190731,73,164090073,014721021,27164,N,1,62,201909
20190801,20190731,73,164090073,014921035,27164,N,1,63,201909
20190801,20190731,73,164090073,015303064,27167,N,1,64,201909
20190801,20190731,73,164090073,015421424,27160,N,10,65,201909
20190801,20190731,73,164090073,015702816,27164,N,1,66,201909
20190801,20190731,73,164090073,015728164,27163,N,1,67,201909
20190801,20190731,73,164090073,020023861,27163,N,1,68,201909
20190801,20190731,73,164090073,020050528,27162,N,1,69,201909
20190801,20190731,73,164090073,020653356,27171,N,1,70,201909
20190801,20190731,73,164090073,021524138,27175,N,10,71,201909
20190801,20190731,73,164090073,023135689,27179,N,1,72,201909
20190801,20190731,73,164090073,023257232,27179,N,1,73,201909
20190801,20190731,73,164090073,024217014,27168,N,2,74,201909
20190801,20190731,73,164090073,025159598,27177,N,1,75,201909
20190801,20190731,73,164090073,030014341,27150,N,11,76,201909
20190801,20190731,73,164090073,030144475,27130,N,1,77,201909
20190801,20190731,73,164090073,030144476,27126,N,1,78,201909
20190801,20190731,73,164090073,030144476,27121,N,1,79,201909
20190801,20190731,73,164090073,030144476,27105,N,10,80,201909
20190801,20190731,73,164090073,030144476,27103,N,1,81,201909
20190801,20190731,73,164090073,030144476,27100,N,1,82,201909
20190801,20190731,73,164090073,030228243,27121,N,1,83,201909
20190801,20190731,73,164090073,030301787,27113,N,1,84,201909
20190801,20190731,73,164090073,030338180,27100,N,16,85,201909
20190801,20190731,73,164090073,030339664,27103,N,10,86,201909
20190801,20190731,73,164090073,030343652,27100,N,10,87,201909
20190801,20190731,73,164090073,030358642,27094,N,1,88,201909
20190801,20190731,73,164090073,030358643,27087,N,1,89,201909
20190801,20190731,73,164090073,030446637,27125,N,5,90,201909
20190801,20190731,73,164090073,030453241,27132,N,5,91,201909
20190801,20190731,73,164090073,030454207,27131,N,5,92,201909
20190801,20190731,73,164090073,030459086,27132,N,5,93,201909
20190801,20190731,73,164090073,030509985,27142,N,5,94,201909
20190801,20190731,73,164090073,030517041,27125,N,5,95,201909
20190801,20190731,73,164090073,030519228,27121,N,10,96,201909
20190801,20190731,73,164090073,030744659,27169,N,1,97,201909
20190801,20190731,73,164090073,030909855,27141,N,1,98,201909
20190801,20190731,73,164090073,030933430,27126,N,11,99,201909
20190801,20190731,73,164090073,031004872,27141,N,1,100,201909
20190801,20190731,73,164090073,031031443,27129,N,1,101,201909
20190801,20190731,73,164090073,031033039,27127,N,10,102,201909
20190801,20190731,73,164090073,031111238,27139,N,1,103,201909
20190801,20190731,73,164090073,031129653,27139,N,1,104,201909
20190801,20190731,73,164090073,031156009,27132,N,10,105,201909
20190801,20190731,73,164090073,031200059,27130,N,5,106,201909
20190801,20190731,73,164090073,031514804,27136,N,1,107,201909
20190801,20190731,73,164090073,031556142,27138,N,10,108,201909
20190801,20190731,73,164090073,031738941,27132,N,11,109,201909
20190801,20190731,73,164090073,032254556,27118,N,5,110,201909
20190801,20190731,73,164090073,032318746,27112,N,1,111,201909
20190801,20190731,73,164090073,032338156,27116,N,1,112,201909
20190801,20190731,73,164090073,032654869,27121,N,10,113,201909
20190801,20190731,73,164090073,032655644,27120,N,5,114,201909
20190801,20190731,73,164090073,032655769,27120,N,5,115,201909
20190801,20190731,73,164090073,032656429,27120,N,10,116,201909
20190801,20190731,73,164090073,032703330,27121,N,1,117,201909
20190801,20190731,73,164090073,032748656,27120,N,1,118,201909
20190801,20190731,73,164090073,032913863,27117,N,1,119,201909
20190801,20190731,73,164090073,033017461,27122,N,10,120,201909
20190801,20190731,73,164090073,033047621,27129,N,10,121,201909
20190801,20190731,73,164090073,033048787,27130,N,1,122,201909
20190801,20190731,73,164090073,033306747,27125,N,1,123,201909
20190801,20190731,73,164090073,033354456,27133,N,1,124,201909
20190801,20190731,73,164090073,033427920,27131,N,1,125,201909
20190801,20190731,73,164090073,033621724,27122,N,1,126,201909
20190801,20190731,73,164090073,033638663,27126,N,1,127,201909
20190801,20190731,73,164090073,033716258,27110,N,1,128,201909
20190801,20190731,73,164090073,033733946,27100,N,13,129,201909
20190801,20190731,73,164090073,033733959,27100,N,10,130,201909
20190801,20190731,73,164090073,033755983,27088,N,10,131,201909
20190801,20190731,73,164090073,033756659,27087,N,2,132,201909
20190801,20190731,73,164090073,033758287,27083,N,7,133,201909
20190801,20190731,73,164090073,033803859,27080,N,10,134,201909
20190801,20190731,73,164090073,033828125,27061,N,1,135,201909
20190801,20190731,73,164090073,033831829,27050,N,1,136,201909
20190801,20190731,73,164090073,033835140,27034,N,10,137,201909
20190801,20190731,73,164090073,033837757,27025,N,5,138,201909
20190801,20190731,73,164090073,033838469,27020,N,1,139,201909
20190801,20190731,73,164090073,033857818,27117,N,5,140,201909
20190801,20190731,73,164090073,033900517,27025,N,3,141,201909
20190801,20190731,73,164090073,033934303,27025,N,5,142,201909
20190801,20190731,73,164090073,033934428,27025,N,6,143,201909
20190801,20190731,73,164090073,033954863,27025,N,1,144,201909
20190801,20190731,73,164090073,033956412,27020,N,1,145,201909
20190801,20190731,73,164090073,034005333,27003,N,1,146,201909
20190801,20190731,73,164090073,034005343,27000,N,7,147,201909
20190801,20190731,73,164090073,034005344,26999,N,2,148,201909
20190801,20190731,73,164090073,034021551,27004,N,1,149,201909
20190801,20190731,73,164090073,034044690,27010,N,10,150,201909
20190801,20190731,73,164090073,034050745,27015,N,1,151,201909
20190801,20190731,73,164090073,034127504,27032,N,10,152,201909
20190801,20190731,73,164090073,034127768,27031,N,6,153,201909
20190801,20190731,73,164090073,034133725,27034,N,5,154,201909
20190801,20190731,73,164090073,034141824,27039,N,1,155,201909
20190801,20190731,73,164090073,034207069,27018,N,1,156,201909
20190801,20190731,73,164090073,034208643,27025,N,1,157,201909
20190801,20190731,73,164090073,034236720,27020,N,5,158,201909
20190801,20190731,73,164090073,034242250,27019,N,5,159,201909
20190801,20190731,73,164090073,034254062,27010,N,1,160,201909
20190801,20190731,73,164090073,034301935,27007,N,5,161,201909
20190801,20190731,73,164090073,034313864,27006,N,5,162,201909
20190801,20190731,73,164090073,034314830,27000,N,29,163,201909
20190801,20190731,73,164090073,034318004,26999,N,6,164,201909
20190801,20190731,73,164090073,034318416,26999,N,5,165,201909
20190801,20190731,73,164090073,034332426,26995,N,11,166,201909
20190801,20190731,73,164090073,034402802,26961,N,6,167,201909
20190801,20190731,73,164090073,034402803,26960,N,1,168,201909
20190801,20190731,73,164090073,034402803,26960,N,1,169,201909
20190801,20190731,73,164090073,034402803,26960,N,1,170,201909
20190801,20190731,73,164090073,034403928,26962,N,1,171,201909
20190801,20190731,73,164090073,034404109,26958,N,1,172,201909
20190801,20190731,73,164090073,034404177,26958,N,1,173,201909
20190801,20190731,73,164090073,034443684,26964,N,5,174,201909
20190801,20190731,73,164090073,034501602,26965,N,6,175,201909
20190801,20190731,73,164090073,034501726,26965,N,4,176,201909
20190801,20190731,73,164090073,034507354,26953,N,1,177,201909
20190801,20190731,73,164090073,034511942,26950,N,10,178,201909
20190801,20190731,73,164090073,034511943,26939,N,5,179,201909
20190801,20190731,73,164090073,034518214,26939,N,5,180,201909
20190801,20190731,73,164090073,034525143,26930,N,3,181,201909
20190801,20190731,73,164090073,034552226,26930,N,1,182,201909
20190801,20190731,73,164090073,034558844,26939,N,10,183,201909
20190801,20190731,73,164090073,034558844,26946,N,3,184,201909
20190801,20190731,73,164090073,034600849,26932,N,1,185,201909
20190801,20190731,73,164090073,034616978,26937,N,1,186,201909
20190801,20190731,73,164090073,034623837,26934,N,10,187,201909
20190801,20190731,73,164090073,034657924,26950,N,3,188,201909
20190801,20190731,73,164090073,034723505,26945,N,10,189,201909
20190801,20190731,73,164090073,034809439,26929,N,10,190,201909
20190801,20190731,73,164090073,034839182,26910,N,5,191,201909
20190801,20190731,73,164090073,034839183,26910,N,1,192,201909
20190801,20190731,73,164090073,034839307,26910,N,4,193,201909
20190801,20190731,73,164090073,034903349,26913,N,1,194,201909
20190801,20190731,73,164090073,034909187,26900,N,5,195,201909
20190801,20190731,73,164090073,034909188,26890,N,1,196,201909
20190801,20190731,73,164090073,034913448,26895,N,10,197,201909
20190801,20190731,73,164090073,034930708,26900,N,1,198,201909
20190801,20190731,73,164090073,034950995,26873,N,1,199,201909
20190801,20190731,73,164090073,035009577,26872,N,1,200,201909
20190801,20190731,73,164090073,035020907,26855,N,1,201,201909
20190801,20190731,73,164090073,035022021,26859,N,1,202,201909
20190801,20190731,73,164090073,035023392,26851,N,1,203,201909
20190801,20190731,73,164090073,035023934,26850,N,3,204,201909
20190801,20190731,73,164090073,035035160,26841,N,1,205,201909
20190801,20190731,73,164090073,035036486,26853,N,10,206,201909
20190801,20190731,73,164090073,035038156,26862,N,10,207,201909
20190801,20190731,73,164090073,035038784,26851,N,1,208,201909
20190801,20190731,73,164090073,035042341,26852,N,1,209,201909
20190801,20190731,73,164090073,035047644,26846,N,1,210,201909
20190801,20190731,73,164090073,035050017,26845,N,1,211,201909
20190801,20190731,73,164090073,035101605,26836,N,1,212,201909
20190801,20190731,73,164090073,035105004,26830,N,10,213,201909
20190801,20190731,73,164090073,035110457,26842,N,1,214,201909
20190801,20190731,73,164090073,035124910,26846,N,1,215,201909
20190801,20190731,73,164090073,035133918,26850,N,1,216,201909
20190801,20190731,73,164090073,035137906,26835,N,1,217,201909
20190801,20190731,73,164090073,035140027,26831,N,2,218,201909
20190801,20190731,73,164090073,035155844,26800,N,4,219,201909
20190801,20190731,73,164090073,035213093,26787,N,1,220,201909
20190801,20190731,73,164090073,035221810,26777,N,1,221,201909
20190801,20190731,73,164090073,035240156,26777,N,1,222,201909
20190801,20190731,73,164090073,035245903,26765,N,1,223,201909
20190801,20190731,73,164090073,035246593,26761,N,1,224,201909
20190801,20190731,73,164090073,035303107,26757,N,1,225,201909
20190801,20190731,73,164090073,035305484,26750,N,5,226,201909
20190801,20190731,73,164090073,035305608,26750,N,1,227,201909
20190801,20190731,73,164090073,035332635,26710,N,1,228,201909
20190801,20190731,73,164090073,035340770,26700,N,5,229,201909
20190801,20190731,73,164090073,035340771,26688,N,2,230,201909
20190801,20190731,73,164090073,035351141,26700,N,1,231,201909
20190801,20190731,73,164090073,035355503,26713,N,10,232,201909
20190801,20190731,73,164090073,035359355,26718,N,4,233,201909
20190801,20190731,73,164090073,035411256,26751,N,2,234,201909
20190801,20190731,73,164090073,035430604,26778,N,1,235,201909
20190801,20190731,73,164090073,035435723,26781,N,1,236,201909
20190801,20190731,73,164090073,035448547,26826,N,1,237,201909
20190801,20190731,73,164090073,035510460,26818,N,11,238,201909
20190801,20190731,73,164090073,035523714,26848,N,1,239,201909
20190801,20190731,73,164090073,035530186,26870,N,1,240,201909
20190801,20190731,73,164090073,035544036,26876,N,2,241,201909
20190801,20190731,73,164090073,035601484,26870,N,5,242,201909
20190801,20190731,73,164090073,035601609,26870,N,5,243,201909
20190801,20190731,73,164090073,035618882,26859,N,1,244,201909
20190801,20190731,73,164090073,035643349,26871,N,1,245,201909
20190801,20190731,73,164090073,035710470,26857,N,10,246,201909
20190801,20190731,73,164090073,035732101,26850,N,17,247,201909
20190801,20190731,73,164090073,035748603,26855,N,10,248,201909
20190801,20190731,73,164090073,035754918,26858,N,10,249,201909
20190801,20190731,73,164090073,035917333,26818,N,2,250,201909
20190801,20190731,73,164090073,035925858,26835,N,1,251,201909
20190801,20190731,73,164090073,040014203,26841,N,7,252,201909
20190801,20190731,73,164090073,040016743,26840,N,1,253,201909
20190801,20190731,73,164090073,040047258,26820,N,10,254,201909
20190801,20190731,73,164090073,040112877,26823,N,10,255,201909
20190801,20190731,73,164090073,040112877,26824,N,10,256,201909
20190801,20190731,73,164090073,040122155,26820,N,10,257,201909
20190801,20190731,73,164090073,040258240,26892,N,11,258,201909
20190801,20190731,73,164090073,040258308,26891,N,10,259,201909
20190801,20190731,73,164090073,040259470,26881,N,11,260,201909
20190801,20190731,73,164090073,040304350,26883,N,5,261,201909
20190801,20190731,73,164090073,040309835,26900,N,1,262,201909
20190801,20190731,73,164090073,040309836,26909,N,1,263,201909
20190801,20190731,73,164090073,040314888,26913,N,2,264,201909
20190801,20190731,73,164090073,040315082,26913,N,10,265,201909
20190801,20190731,73,164090073,040316632,26913,N,10,266,201909
20190801,20190731,73,164090073,040325094,26924,N,10,267,201909
20190801,20190731,73,164090073,040325094,26925,N,10,268,201909
20190801,20190731,73,164090073,040325343,26925,N,1,269,201909
20190801,20190731,73,164090073,040332043,26937,N,10,270,201909
20190801,20190731,73,164090073,040333622,26937,N,10,271,201909
20190801,20190731,73,164090073,040333623,26937,N,1,272,201909
20190801,20190731,73,164090073,040345734,26928,N,10,273,201909
20190801,20190731,73,164090073,040347175,26925,N,10,274,201909
20190801,20190731,73,164090073,040358988,26923,N,1,275,201909
20190801,20190731,73,164090073,040402026,26922,N,1,276,201909
20190801,20190731,73,164090073,040412863,26902,N,10,277,201909
20190801,20190731,73,164090073,040412863,26901,N,10,278,201909
20190801,20190731,73,164090073,040417221,26900,N,1,279,201909
20190801,20190731,73,164090073,040519244,26907,N,10,280,201909
20190801,20190731,73,164090073,040520907,26907,N,10,281,201909
20190801,20190731,73,164090073,040523407,26902,N,10,282,201909
20190801,20190731,73,164090073,040541272,26892,N,10,283,201909
20190801,20190731,73,164090073,040543812,26892,N,1,284,201909
20190801,20190731,73,164090073,040603435,26889,N,7,285,201909
20190801,20190731,73,164090073,040603436,26889,N,14,286,201909
20190801,20190731,73,164090073,040603561,26889,N,1,287,201909
20190801,20190731,73,164090073,040627385,26908,N,10,288,201909
20190801,20190731,73,164090073,040701187,26908,N,1,289,201909
20190801,20190731,73,164090073,040817486,26896,N,1,290,201909
20190801,20190731,73,164090073,040823007,26909,N,10,291,201909
20190801,20190731,73,164090073,040852545,26902,N,10,292,201909
20190801,20190731,73,164090073,040907359,26913,N,1,293,201909
20190801,20190731,73,164090073,040940566,26911,N,1,294,201909
20190801,20190731,73,164090073,040949933,26893,N,10,295,201909
20190801,20190731,73,164090073,040957376,26895,N,10,296,201909
20190801,20190731,73,164090073,040957376,26896,N,10,297,201909
20190801,20190731,73,164090073,040958104,26890,N,10,298,201909
20190801,20190731,73,164090073,040958104,26889,N,2,299,201909
20190801,20190731,73,164090073,040958105,26889,N,10,300,201909
20190801,20190731,73,164090073,041024052,26880,N,11,301,201909
20190801,20190731,73,164090073,041028474,26879,N,10,302,201909
20190801,20190731,73,164090073,041028474,26880,N,10,303,201909
20190801,20190731,73,164090073,041030639,26877,N,1,304,201909
20190801,20190731,73,164090073,041036038,26871,N,10,305,201909
20190801,20190731,73,164090073,041111050,26880,N,1,306,201909
20190801,20190731,73,164090073,041132823,26888,N,2,307,201909
20190801,20190731,73,164090073,041255186,26863,N,10,308,201909
20190801,20190731,73,164090073,041342388,26888,N,1,309,201909
20190801,20190731,73,164090073,041402817,26891,N,1,310,201909
20190801,20190731,73,164090073,041419316,26891,N,3,311,201909
20190801,20190731,73,164090073,041453877,26886,N,1,312,201909
20190801,20190731,73,164090073,041456189,26889,N,1,313,201909
20190801,20190731,73,164090073,041502585,26879,N,5,314,201909
20190801,20190731,73,164090073,041502709,26878,N,1,315,201909
20190801,20190731,73,164090073,041527475,26900,N,10,316,201909
20190801,20190731,73,164090073,041558818,26889,N,1,317,201909
20190801,20190731,73,164090073,041609913,26882,N,10,318,201909
20190801,20190731,73,164090073,041610032,26886,N,10,319,201909
20190801,20190731,73,164090073,041627629,26865,N,1,320,201909
20190801,20190731,73,164090073,041631175,26850,N,5,321,201909
20190801,20190731,73,164090073,041631301,26850,N,38,322,201909
20190801,20190731,73,164090073,041631791,26850,N,4,323,201909
20190801,20190731,73,164090073,041631983,26850,N,3,324,201909
20190801,20190731,73,164090073,041635283,26840,N,1,325,201909
20190801,20190731,73,164090073,041640941,26832,N,1,326,201909
20190801,20190731,73,164090073,041644907,26852,N,10,327,201909
20190801,20190731,73,164090073,041720555,26854,N,1,328,201909
20190801,20190731,73,164090073,041746192,26891,N,5,329,201909
20190801,20190731,73,164090073,041945709,26920,N,2,330,201909
20190801,20190731,73,164090073,042018527,26920,N,1,331,201909
20190801,20190731,73,164090073,042037196,26935,N,1,332,201909
20190801,20190731,73,164090073,042037320,26935,N,1,333,201909
20190801,20190731,73,164090073,042044070,26934,N,1,334,201909
20190801,20190731,73,164090073,042051305,26928,N,1,335,201909
20190801,20190731,73,164090073,042059460,26931,N,1,336,201909
20190801,20190731,73,164090073,042120282,26954,N,1,337,201909
20190801,20190731,73,164090073,042120283,26954,N,1,338,201909
20190801,20190731,73,164090073,042150724,26937,N,1,339,201909
20190801,20190731,73,164090073,042153920,26933,N,1,340,201909
20190801,20190731,73,164090073,042248571,26930,N,1,341,201909
20190801,20190731,73,164090073,042252819,26930,N,10,342,201909
20190801,20190731,73,164090073,042342356,26921,N,1,343,201909
20190801,20190731,73,164090073,042403001,26930,N,1,344,201909
20190801,20190731,73,164090073,042424442,26924,N,1,345,201909
20190801,20190731,73,164090073,042438091,26921,N,1,346,201909
20190801,20190731,73,164090073,042446699,26930,N,9,347,201909
20190801,20190731,73,164090073,042450021,26927,N,1,348,201909
20190801,20190731,73,164090073,042515343,26955,N,1,349,201909
20190801,20190731,73,164090073,042515614,26953,N,1,350,201909
20190801,20190731,73,164090073,042532960,26956,N,1,351,201909
20190801,20190731,73,164090073,042612942,26946,N,1,352,201909
20190801,20190731,73,164090073,042625677,26953,N,1,353,201909
20190801,20190731,73,164090073,042639252,26946,N,2,354,201909
20190801,20190731,73,164090073,042709165,26955,N,1,355,201909
20190801,20190731,73,164090073,042749183,26964,N,1,356,201909
20190801,20190731,73,164090073,042751731,26971,N,10,357,201909
20190801,20190731,73,164090073,042801320,26973,N,5,358,201909
20190801,20190731,73,164090073,042803471,26964,N,1,359,201909
20190801,20190731,73,164090073,042821224,26961,N,1,360,201909
20190801,20190731,73,164090073,042834380,26961,N,1,361,201909
20190801,20190731,73,164090073,042927213,26950,N,1,362,201909
20190801,20190731,73,164090073,042936462,26950,N,1,363,201909
20190801,20190731,73,164090073,043028846,26928,N,1,364,201909
20190801,20190731,73,164090073,043131519,26922,N,1,365,201909
20190801,20190731,73,164090073,043207636,26930,N,1,366,201909
20190801,20190731,73,164090073,043308193,26928,N,1,367,201909
20190801,20190731,73,164090073,043334618,26932,N,1,368,201909
20190801,20190731,73,164090073,043605185,26920,N,1,369,201909
20190801,20190731,73,164090073,043621193,26926,N,1,370,201909
20190801,20190731,73,164090073,043701575,26926,N,5,371,201909
20190801,20190731,73,164090073,043701575,26927,N,10,372,201909
20190801,20190731,73,164090073,043836283,26919,N,1,373,201909
20190801,20190731,73,164090073,043857149,26927,N,1,374,201909
20190801,20190731,73,164090073,043937283,26923,N,1,375,201909
20190801,20190731,73,164090073,044200122,26907,N,1,376,201909
20190801,20190731,73,164090073,044231268,26909,N,10,377,201909
20190801,20190731,73,164090073,044309941,26920,N,1,378,201909
20190801,20190731,73,164090073,044409232,26927,N,1,379,201909
20190801,20190731,73,164090073,044544002,26928,N,1,380,201909
20190801,20190731,73,164090073,044733052,26948,N,5,381,201909
20190801,20190731,73,164090073,044733053,26948,N,1,382,201909
20190801,20190731,73,164090073,044800435,26940,N,3,383,201909
20190801,20190731,73,164090073,045048143,26895,N,1,384,201909
20190801,20190731,73,164090073,045112895,26897,N,1,385,201909
20190801,20190731,73,164090073,045154563,26876,N,5,386,201909
20190801,20190731,73,164090073,045216263,26884,N,5,387,201909
20190801,20190731,73,164090073,045304888,26882,N,3,388,201909
20190801,20190731,73,164090073,045346193,26870,N,6,389,201909
20190801,20190731,73,164090073,045346608,26870,N,60,390,201909
20190801,20190731,73,164090073,045400329,26881,N,10,391,201909
20190801,20190731,73,164090073,045428409,26876,N,4,392,201909
20190801,20190731,73,164090073,045448165,26877,N,10,393,201909
20190801,20190731,73,164090073,045454084,26878,N,10,394,201909
20190801,20190731,73,164090073,045454085,26879,N,8,395,201909
20190801,20190731,73,164090073,045454411,26873,N,10,396,201909
20190801,20190731,73,164090073,045455931,26872,N,1,397,201909
20190801,20190731,73,164090073,045455931,26871,N,10,398,201909
20190801,20190731,73,164090073,045459055,26870,N,5,399,201909
20190801,20190731,73,164090073,045459073,26870,N,29,400,201909
20190801,20190731,73,164090073,045607881,26865,N,2,401,201909
20190801,20190731,73,164090073,045629359,26857,N,1,402,201909
20190801,20190731,73,164090073,045643217,26858,N,1,403,201909
20190801,20190731,73,164090073,045823148,26844,N,20,404,201909
20190801,20190731,73,164090073,045823268,26840,N,2,405,201909
20190801,20190731,73,164090073,045856291,26850,N,5,406,201909
20190801,20190731,73,164090073,045950010,26850,N,5,407,201909
20190801,20190731,73,164090073,045951590,26843,N,5,408,201909
20190801,20190731,73,164090073,050000073,26820,N,1,409,201909
20190801,20190731,73,164090073,050011273,26820,N,1,410,201909
20190801,20190731,73,164090073,050011623,26816,N,10,411,201909
20190801,20190731,73,164090073,050019832,26812,N,5,412,201909
20190801,20190731,73,164090073,050322055,26814,N,1,413,201909
20190801,20190731,73,164090073,050324311,26812,N,5,414,201909
20190801,20190731,73,164090073,050324436,26812,N,5,415,201909
20190801,20190731,73,164090073,050403626,26803,N,1,416,201909
20190801,20190731,73,164090073,050522418,26809,N,1,417,201909
20190801,20190731,73,164090073,050640592,26811,N,1,418,201909
20190801,20190731,73,164090073,051048444,26821,N,3,419,201909
20190801,20190731,73,164090073,051100808,26830,N,3,420,201909
20190801,20190731,73,164090073,051106582,26830,N,11,421,201909
20190801,20190731,73,164090073,051110613,26830,N,6,422,201909
20190801,20190731,73,164090073,051137318,26846,N,2,423,201909
20190801,20190731,73,164090073,051206737,26849,N,1,424,201909
20190801,20190731,73,164090073,051227823,26850,N,2,425,201909
20190801,20190731,73,164090073,051248868,26850,N,3,426,201909
20190801,20190731,73,164090073,051310131,26858,N,2,427,201909
20190801,20190731,73,164090073,051331544,26855,N,2,428,201909
20190801,20190731,73,164090073,051352087,26855,N,3,429,201909
20190801,20190731,73,164090073,051414799,26852,N,1,430,201909
20190801,20190731,73,164090073,051435520,26843,N,1,431,201909
20190801,20190731,73,164090073,051456668,26840,N,1,432,201909
20190801,20190731,73,164090073,051456799,26830,N,1,433,201909
20190801,20190731,73,164090073,051606212,26847,N,2,434,201909
20190801,20190731,73,164090073,051756322,26840,N,1,435,201909
20190801,20190731,73,164090073,051756322,26847,N,4,436,201909
20190801,20190731,73,164090073,051823436,26830,N,10,437,201909
20190801,20190731,73,164090073,052127511,26847,N,1,438,201909
20190801,20190731,73,164090073,052138765,26847,N,1,439,201909
20190801,20190731,73,164090073,052157091,26847,N,1,440,201909
20190801,20190731,73,164090073,052206757,26847,N,1,441,201909
20190801,20190731,73,164090073,052214220,26880,N,1,442,201909
20190801,20190731,73,164090073,053001020,26838,E,1,443,201909
20190801,20190801,73,164090073,084501051,26830,O,86,444,201909
20190801,20190801,73,164090073,084514760,26814,N,1,445,201909
20190801,20190801,73,164090073,084540851,26802,N,1,446,201909
20190801,20190801,73,164090073,084542992,26802,N,1,447,201909
20190801,20190801,73,164090073,084600705,26805,N,5,448,201909
20190801,20190801,73,164090073,084600705,26807,N,10,449,201909
20190801,20190801,73,164090073,084600705,26808,N,7,450,201909
20190801,20190801,73,164090073,084610189,26813,N,1,451,201909
20190801,20190801,73,164090073,084617502,26806,N,1,452,201909
20190801,20190801,73,164090073,084619677,26809,N,1,453,201909
20190801,20190801,73,164090073,084620032,26806,N,1,454,201909
20190801,20190801,73,164090073,084622768,26806,N,1,455,201909
20190801,20190801,73,164090073,084624945,26811,N,27,456,201909
20190801,20190801,73,164090073,084625070,26811,N,27,457,201909
20190801,20190801,73,164090073,084625195,26811,N,6,458,201909
20190801,20190801,73,164090073,084649532,26814,N,1,459,201909
20190801,20190801,73,164090073,084707090,26810,N,1,460,201909
20190801,20190801,73,164090073,084709587,26808,N,1,461,201909
20190801,20190801,73,164090073,084710733,26808,N,1,462,201909
20190801,20190801,73,164090073,084710733,26807,N,1,463,201909
20190801,20190801,73,164090073,084711009,26806,N,2,464,201909
20190801,20190801,73,164090073,084712363,26808,N,1,465,201909
20190801,20190801,73,164090073,084715750,26806,N,1,466,201909
20190801,20190801,73,164090073,084718321,26806,N,1,467,201909
20190801,20190801,73,164090073,084722296,26805,N,5,468,201909
20190801,20190801,73,164090073,084722296,26805,N,1,469,201909
20190801,20190801,73,164090073,084745970,26803,N,1,470,201909
20190801,20190801,73,164090073,084749011,26803,N,1,471,201909
20190801,20190801,73,164090073,084751988,26803,N,1,472,201909
20190801,20190801,73,164090073,084754018,26803,N,1,473,201909
20190801,20190801,73,164090073,084806034,26804,N,1,474,201909
20190801,20190801,73,164090073,084810946,26804,N,1,475,201909
20190801,20190801,73,164090073,084815182,26811,N,1,476,201909
20190801,20190801,73,164090073,084820693,26805,N,1,477,201909
20190801,20190801,73,164090073,084825021,26811,N,1,478,201909
20190801,20190801,73,164090073,084834892,26805,N,2,479,201909
20190801,20190801,73,164090073,084841704,26804,N,1,480,201909
20190801,20190801,73,164090073,084842257,26805,N,1,481,201909
20190801,20190801,73,164090073,084850910,26803,N,1,482,201909
20190801,20190801,73,164090073,084942589,26800,N,5,483,201909
20190801,20190801,73,164090073,085011601,26788,N,1,484,201909
20190801,20190801,73,164090073,085016249,26786,N,10,485,201909
20190801,20190801,73,164090073,085018499,26784,N,1,486,201909
20190801,20190801,73,164090073,085018532,26784,N,9,487,201909
20190801,20190801,73,164090073,085026505,26780,N,5,488,201909
20190801,20190801,73,164090073,085026505,26780,N,1,489,201909
20190801,20190801,73,164090073,085106726,26779,N,2,490,201909
20190801,20190801,73,164090073,085157079,26786,N,1,491,201909
20190801,20190801,73,164090073,085236980,26788,N,1,492,201909
20190801,20190801,73,164090073,085239670,26786,N,11,493,201909
20190801,20190801,73,164090073,085239670,26784,N,10,494,201909
20190801,20190801,73,164090073,085239670,26783,N,1,495,201909
20190801,20190801,73,164090073,085301932,26784,N,2,496,201909
20190801,20190801,73,164090073,085307577,26790,N,2,497,201909
20190801,20190801,73,164090073,085310996,26789,N,1,498,201909
20190801,20190801,73,164090073,085327330,26784,N,11,499,201909
20190801,20190801,73,164090073,085327330,26783,N,10,500,201909
20190801,20190801,73,164090073,085327330,26782,N,10,501,201909
20190801,20190801,73,164090073,085327330,26781,N,10,502,201909
20190801,20190801,73,164090073,085327330,26780,N,10,503,201909
20190801,20190801,73,164090073,085327543,26780,N,10,504,201909
20190801,20190801,73,164090073,085327905,26780,N,10,505,201909
20190801,20190801,73,164090073,085328218,26780,N,10,506,201909
20190801,20190801,73,164090073,085330508,26780,N,10,507,201909
20190801,20190801,73,164090073,085358587,26780,N,33,508,201909
20190801,20190801,73,164090073,085402375,26780,N,1,509,201909
20190801,20190801,73,164090073,085411182,26780,N,44,510,201909
20190801,20190801,73,164090073,085419455,26780,N,1,511,201909
20190801,20190801,73,164090073,085421528,26780,N,11,512,201909
20190801,20190801,73,164090073,085439604,26780,N,11,513,201909
20190801,20190801,73,164090073,085440177,26779,N,1,514,201909
20190801,20190801,73,164090073,085440177,26776,N,4,515,201909
20190801,20190801,73,164090073,085444351,26780,N,1,516,201909
20190801,20190801,73,164090073,085444379,26780,N,1,517,201909
20190801,20190801,73,164090073,085624906,26779,N,1,518,201909
20190801,20190801,73,164090073,085818937,26774,N,10,519,201909
20190801,20190801,73,164090073,085820386,26774,N,10,520,201909
20190801,20190801,73,164090073,085824565,26774,N,5,521,201909
20190801,20190801,73,164090073,085824565,26774,N,5,522,201909
20190801,20190801,73,164090073,085824689,26774,N,16,523,201909
20190801,20190801,73,164090073,085824690,26774,N,4,524,201909
20190801,20190801,73,164090073,085833655,26780,N,1,525,201909
20190801,20190801,73,164090073,085933703,26773,N,2,526,201909
20190801,20190801,73,164090073,090001984,26773,N,5,527,201909
20190801,20190801,73,164090073,090001984,26773,N,5,528,201909
20190801,20190801,73,164090073,090002108,26773,N,33,529,201909
20190801,20190801,73,164090073,090002109,26773,N,5,530,201909
20190801,20190801,73,164090073,090023432,26771,N,1,531,201909
20190801,20190801,73,164090073,090201849,26771,N,5,532,201909
20190801,20190801,73,164090073,090201973,26771,N,5,533,201909
20190801,20190801,73,164090073,090332601,26760,N,1,534,201909
20190801,20190801,73,164090073,090350259,26762,N,1,535,201909
20190801,20190801,73,164090073,090401881,26760,N,13,536,201909
20190801,20190801,73,164090073,090430650,26760,N,1,537,201909
20190801,20190801,73,164090073,090442829,26758,N,1,538,201909
20190801,20190801,73,164090073,090508445,26758,N,2,539,201909
20190801,20190801,73,164090073,090531765,26751,N,1,540,201909
20190801,20190801,73,164090073,090532197,26752,N,1,541,201909
20190801,20190801,73,164090073,090549112,26758,N,5,542,201909
20190801,20190801,73,164090073,090549236,26758,N,19,543,201909
20190801,20190801,73,164090073,090559768,26760,N,5,544,201909
20190801,20190801,73,164090073,090601344,26760,N,5,545,201909
20190801,20190801,73,164090073,090610486,26760,N,5,546,201909
20190801,20190801,73,164090073,090612717,26760,N,5,547,201909
20190801,20190801,73,164090073,090612842,26760,N,11,548,201909
20190801,20190801,73,164090073,090612966,26760,N,16,549,201909
20190801,20190801,73,164090073,090614497,26760,N,5,550,201909
20190801,20190801,73,164090073,090624299,26760,N,1,551,201909
20190801,20190801,73,164090073,090653128,26765,N,1,552,201909
20190801,20190801,73,164090073,090715090,26760,N,1,553,201909
20190801,20190801,73,164090073,090734031,26758,N,1,554,201909
20190801,20190801,73,164090073,090904102,26758,N,1,555,201909
20190801,20190801,73,164090073,090905153,26755,N,1,556,201909
20190801,20190801,73,164090073,091037451,26756,N,5,557,201909
20190801,20190801,73,164090073,091252854,26755,N,1,558,201909
20190801,20190801,73,164090073,091358074,26770,N,1,559,201909
20190801,20190801,73,164090073,091426024,26768,N,1,560,201909
20190801,20190801,73,164090073,091451109,26767,N,1,561,201909
20190801,20190801,73,164090073,091652601,26780,N,5,562,201909
20190801,20190801,73,164090073,091652601,26780,N,5,563,201909
20190801,20190801,73,164090073,091652725,26780,N,38,564,201909
20190801,20190801,73,164090073,091653239,26786,N,1,565,201909
20190801,20190801,73,164090073,091802644,26795,N,1,566,201909
20190801,20190801,73,164090073,091907864,26790,N,1,567,201909
20190801,20190801,73,164090073,092123617,26781,N,1,568,201909
20190801,20190801,73,164090073,092453430,26790,N,1,569,201909
20190801,20190801,73,164090073,092453430,26793,N,4,570,201909
20190801,20190801,73,164090073,092507425,26787,N,1,571,201909
20190801,20190801,73,164090073,092540475,26791,N,1,572,201909
20190801,20190801,73,164090073,092709194,26780,N,1,573,201909
20190801,20190801,73,164090073,092741716,26780,N,1,574,201909
20190801,20190801,73,164090073,092846522,26783,N,1,575,201909
20190801,20190801,73,164090073,092910501,26783,N,3,576,201909
20190801,20190801,73,164090073,093134555,26780,N,5,577,201909
20190801,20190801,73,164090073,093416199,26781,N,1,578,201909
20190801,20190801,73,164090073,093730863,26795,N,1,579,201909
20190801,20190801,73,164090073,093830784,26793,N,1,580,201909
20190801,20190801,73,164090073,093837274,26785,N,4,581,201909
20190801,20190801,73,164090073,094133386,26796,N,1,582,201909
20190801,20190801,73,164090073,094159615,26797,N,1,583,201909
20190801,20190801,73,164090073,094252934,26796,N,1,584,201909
20190801,20190801,73,164090073,094311246,26797,N,1,585,201909
20190801,20190801,73,164090073,094331729,26797,N,2,586,201909
20190801,20190801,73,164090073,094712500,26787,N,1,587,201909
20190801,20190801,73,164090073,095111689,26802,N,1,588,201909
20190801,20190801,73,164090073,095310201,26800,N,11,589,201909
20190801,20190801,73,164090073,095314079,26800,N,2,590,201909
20190801,20190801,73,164090073,095400716,26800,N,1,591,201909
20190801,20190801,73,164090073,095410721,26799,N,1,592,201909
20190801,20190801,73,164090073,095414756,26799,N,2,593,201909
20190801,20190801,73,164090073,095547410,26803,N,5,594,201909
20190801,20190801,73,164090073,095604610,26802,N,4,595,201909
20190801,20190801,73,164090073,095642389,26801,N,1,596,201909
20190801,20190801,73,164090073,095738030,26797,N,1,597,201909
20190801,20190801,73,164090073,095856622,26796,N,1,598,201909
20190801,20190801,73,164090073,095958986,26796,N,5,599,201909
20190801,20190801,73,164090073,100008147,26795,N,1,600,201909
20190801,20190801,73,164090073,100551675,26809,N,1,601,201909
20190801,20190801,73,164090073,100647009,26811,N,2,602,201909
20190801,20190801,73,164090073,100713063,26813,N,2,603,201909
20190801,20190801,73,164090073,100722572,26814,N,1,604,201909
20190801,20190801,73,164090073,100732133,26809,N,1,605,201909
20190801,20190801,73,164090073,100818355,26812,N,1,606,201909
20190801,20190801,73,164090073,100820531,26810,N,1,607,201909
20190801,20190801,73,164090073,100914976,26810,N,1,608,201909
20190801,20190801,73,164090073,100916154,26804,N,1,609,201909
20190801,20190801,73,164090073,101005326,26810,N,1,610,201909
20190801,20190801,73,164090073,101012350,26807,N,1,611,201909
20190801,20190801,73,164090073,101115203,26810,N,1,612,201909
20190801,20190801,73,164090073,101208594,26815,N,1,613,201909
20190801,20190801,73,164090073,101219564,26815,N,1,614,201909
20190801,20190801,73,164090073,101235426,26814,N,1,615,201909
20190801,20190801,73,164090073,101639947,26813,N,1,616,201909
20190801,20190801,73,164090073,101949129,26809,N,1,617,201909
20190801,20190801,73,164090073,102133042,26810,N,2,618,201909
20190801,20190801,73,164090073,102310808,26813,N,1,619,201909
20190801,20190801,73,164090073,102344777,26815,N,2,620,201909
20190801,20190801,73,164090073,102417703,26815,N,1,621,201909
20190801,20190801,73,164090073,102448482,26815,N,2,622,201909
20190801,20190801,73,164090073,102455092,26815,N,3,623,201909
20190801,20190801,73,164090073,102735621,26818,N,4,624,201909
20190801,20190801,73,164090073,103349249,26830,N,1,625,201909
20190801,20190801,73,164090073,103405007,26831,N,2,626,201909
20190801,20190801,73,164090073,103507642,26833,N,2,627,201909
20190801,20190801,73,164090073,103533032,26835,N,1,628,201909
20190801,20190801,73,164090073,103539747,26835,N,2,629,201909
20190801,20190801,73,164090073,103603030,26834,N,1,630,201909
20190801,20190801,73,164090073,103645153,26830,N,1,631,201909
20190801,20190801,73,164090073,103702168,26836,N,1,632,201909
20190801,20190801,73,164090073,103720660,26836,N,4,633,201909
20190801,20190801,73,164090073,103731211,26838,N,1,634,201909
20190801,20190801,73,164090073,104123698,26850,N,3,635,201909
20190801,20190801,73,164090073,104136716,26848,N,1,636,201909
20190801,20190801,73,164090073,104228210,26845,N,10,637,201909
20190801,20190801,73,164090073,104502062,26855,N,10,638,201909
20190801,20190801,73,164090073,104503297,26854,N,2,639,201909
20190801,20190801,73,164090073,104734026,26855,N,1,640,201909
20190801,20190801,73,164090073,104849121,26860,N,2,641,201909
20190801,20190801,73,164090073,104854514,26860,N,9,642,201909
20190801,20190801,73,164090073,105016120,26860,N,2,643,201909
20190801,20190801,73,164090073,105019866,26860,N,2,644,201909
20190801,20190801,73,164090073,105118482,26859,N,5,645,201909
20190801,20190801,73,164090073,105312847,26855,N,12,646,201909
20190801,20190801,73,164090073,111045166,26851,N,1,647,201909
20190801,20190801,73,164090073,111053265,26851,N,1,648,201909
20190801,20190801,73,164090073,111341227,26848,N,2,649,201909
20190801,20190801,73,164090073,111423156,26847,N,1,650,201909
20190801,20190801,73,164090073,111657220,26857,N,1,651,201909
20190801,20190801,73,164090073,112005342,26857,N,1,652,201909
20190801,20190801,73,164090073,112137176,26850,N,2,653,201909
20190801,20190801,73,164090073,112302269,26848,N,4,654,201909
20190801,20190801,73,164090073,112306004,26849,N,3,655,201909
20190801,20190801,73,164090073,112316541,26847,N,3,656,201909
20190801,20190801,73,164090073,112355388,26844,N,1,657,201909
20190801,20190801,73,164090073,112534874,26850,N,1,658,201909
20190801,20190801,73,164090073,112628044,26854,N,5,659,201909
20190801,20190801,73,164090073,113143610,26847,N,3,660,201909
20190801,20190801,73,164090073,113318598,26847,N,2,661,201909
20190801,20190801,73,164090073,113319794,26846,N,1,662,201909
20190801,20190801,73,164090073,113402459,26847,N,1,663,201909
20190801,20190801,73,164090073,113438920,26844,N,3,664,201909
20190801,20190801,73,164090073,114051722,26847,N,2,665,201909
20190801,20190801,73,164090073,115229751,26855,N,2,666,201909
20190801,20190801,73,164090073,115805988,26851,N,3,667,201909
20190801,20190801,73,164090073,115835795,26849,N,2,668,201909
20190801,20190801,73,164090073,115850738,26849,N,1,669,201909
20190801,20190801,73,164090073,115858775,26846,N,2,670,201909
20190801,20190801,73,164090073,120012157,26846,N,2,671,201909
20190801,20190801,73,164090073,120101363,26845,N,5,672,201909
20190801,20190801,73,164090073,120129188,26843,N,1,673,201909
20190801,20190801,73,164090073,120548415,26850,N,1,674,201909
20190801,20190801,73,164090073,121603053,26862,N,1,675,201909
20190801,20190801,73,164090073,121627210,26855,N,2,676,201909
20190801,20190801,73,164090073,124004033,26869,N,1,677,201909
20190801,20190801,73,164090073,124004033,26866,N,9,678,201909
20190801,20190801,73,164090073,124011232,26874,N,1,679,201909
20190801,20190801,73,164090073,124215126,26873,N,10,680,201909
20190801,20190801,73,164090073,124215126,26874,N,10,681,201909
20190801,20190801,73,164090073,124907080,26874,N,1,682,201909
20190801,20190801,73,164090073,125003896,26866,N,1,683,201909
20190801,20190801,73,164090073,125052560,26867,N,1,684,201909
20190801,20190801,73,164090073,125123191,26866,N,1,685,201909
20190801,20190801,73,164090073,125449593,26877,N,10,686,201909
20190801,20190801,73,164090073,125452361,26878,N,10,687,201909
20190801,20190801,73,164090073,125454851,26877,N,10,688,201909
20190801,20190801,73,164090073,125456549,26879,N,10,689,201909
20190801,20190801,73,164090073,125507721,26880,N,3,690,201909
20190801,20190801,73,164090073,125810288,26880,N,1,691,201909
20190801,20190801,73,164090073,125845545,26880,N,1,692,201909
20190801,20190801,73,164090073,130102092,26875,N,2,693,201909
20190801,20190801,73,164090073,130547870,26876,N,3,694,201909
20190801,20190801,73,164090073,130618014,26873,N,3,695,201909
20190801,20190801,73,164090073,131317234,26870,N,5,696,201909
20190801,20190801,73,164090073,131530543,26868,N,3,697,201909
20190801,20190801,73,164090073,131553283,26866,N,2,698,201909
20190801,20190801,73,164090073,132143713,26861,N,2,699,201909
20190801,20190801,73,164090073,132724817,26860,N,1,700,201909
20190801,20190801,73,164090073,132726117,26857,N,3,701,201909
20190801,20190801,73,164090073,134211027,26856,N,3,702,201909
20190801,20190801,73,164090073,135126878,26856,N,1,703,201909
20190801,20190801,73,164090073,135141653,26855,N,1,704,201909
20190801,20190801,73,164090073,135149501,26853,N,2,705,201909
20190801,20190801,73,164090073,135235270,26849,N,1,706,201909
20190801,20190801,73,164090073,135802886,26850,N,1,707,201909
20190801,20190801,73,164090073,141327629,26851,N,1,708,201909
20190801,20190801,73,164090073,142248624,26851,N,22,709,201909
20190801,20190801,73,164090073,142415476,26851,N,8,710,201909
20190801,20190801,73,164090073,143509895,26849,N,1,711,201909
20190801,20190801,73,164090073,143953945,26848,N,1,712,201909
20190801,20190801,73,164090073,144156865,26847,N,1,713,201909
20190801,20190801,73,164090073,144340481,26845,N,1,714,201909
20190801,20190801,73,164090073,144340481,26844,N,3,715,201909
20190801,20190801,73,164090073,144436217,26848,N,1,716,201909
20190801,20190801,73,164090073,144512811,26842,N,1,717,201909
20190801,20190801,73,164090073,145229899,26852,N,1,718,201909
20190801,20190801,73,164090073,145615991,26840,N,10,719,201909
20190801,20190801,73,164090073,145635099,26840,N,20,720,201909
20190801,20190801,73,164090073,145657752,26839,N,1,721,201909
20190801,20190801,73,164090073,145829310,26834,N,4,722,201909
20190801,20190801,73,164090073,150539114,26857,N,1,723,201909
20190801,20190801,73,164090073,150720618,26857,N,3,724,201909
20190801,20190801,73,164090073,151501009,26835,E,2,725,201909
20190801,20190801,73,164120073,084501051,26744,O,1,726,201912
20190801,20190801,73,164120073,151501009,26800,E,1,727,201912
20190802,20190801,73,164090073,163001046,26850,O,1,1,201909
20190802,20190801,73,164090073,163124340,26850,N,3,2,201909
20190802,20190801,73,164090073,163155433,26858,N,1,3,201909
20190802,20190801,73,164090073,163306718,26879,N,5,4,201909
20190802,20190801,73,164090073,164541496,26875,N,1,5,201909
20190802,20190801,73,164090073,164650280,26870,N,1,6,201909
20190802,20190801,73,164090073,164705498,26868,N,2,7,201909
20190802,20190801,73,164090073,164923705,26866,N,1,8,201909
20190802,20190801,73,164090073,165224315,26863,N,1,9,201909
20190802,20190801,73,164090073,165333877,26861,N,1,10,201909
20190802,20190801,73,164090073,165339059,26861,N,3,11,201909
20190802,20190801,73,164090073,165406348,26861,N,10,12,201909
20190802,20190801,73,164090073,165406467,26862,N,1,13,201909
20190802,20190801,73,164090073,165417280,26860,N,1,14,201909
20190802,20190801,73,164090073,170314349,26877,N,1,15,201909
20190802,20190801,73,164090073,171634581,26876,N,3,16,201909
20190802,20190801,73,164090073,172156777,26870,N,1,17,201909
20190802,20190801,73,164090073,172206445,26869,N,3,18,201909
20190802,20190801,73,164090073,172703517,26858,N,3,19,201909
20190802,20190801,73,164090073,173905304,26851,N,2,20,201909
20190802,20190801,73,164090073,174153873,26862,N,10,21,201909
20190802,20190801,73,164090073,174311518,26861,N,1,22,201909
20190802,20190801,73,164090073,180027002,26868,N,1,23,201909
20190802,20190801,73,164090073,180108023,26864,N,2,24,201909
20190802,20190801,73,164090073,180513491,26892,N,3,25,201909
20190802,20190801,73,164090073,180513491,26892,N,50,26,201909
20190802,20190801,73,164090073,180513492,26891,N,11,27,201909
20190802,20190801,73,164090073,180513492,26892,N,1,28,201909
20190802,20190801,73,164090073,180513544,26899,N,10,29,201909
20190802,20190801,73,164090073,180530150,26910,N,1,30,201909
20190802,20190801,73,164090073,180533771,26912,N,11,31,201909
20190802,20190801,73,164090073,180757942,26920,N,2,32,201909
20190802,20190801,73,164090073,180812019,26921,N,2,33,201909
20190802,20190801,73,164090073,180900084,26925,N,11,34,201909
20190802,20190801,73,164090073,180922332,26925,N,9,35,201909
20190802,20190801,73,164090073,181115178,26913,N,4,36,201909
20190802,20190801,73,164090073,181748113,26907,N,1,37,201909
20190802,20190801,73,164090073,181833187,26909,N,1,38,201909
20190802,20190801,73,164090073,181846383,26902,N,1,39,201909
20190802,20190801,73,164090073,184022192,26899,N,1,40,201909
20190802,20190801,73,164090073,184901129,26910,N,1,41,201909
20190802,20190801,73,164090073,185119268,26904,N,1,42,201909
20190802,20190801,73,164090073,190246331,26920,N,1,43,201909
20190802,20190801,73,164090073,190836805,26915,N,2,44,201909
20190802,20190801,73,164090073,191016294,26911,N,2,45,201909
20190802,20190801,73,164090073,191114567,26908,N,1,46,201909
20190802,20190801,73,164090073,191131420,26915,N,1,47,201909
20190802,20190801,73,164090073,192013499,26916,N,1,48,201909
20190802,20190801,73,164090073,192042276,26916,N,1,49,201909
20190802,20190801,73,164090073,192740889,26918,N,5,50,201909
20190802,20190801,73,164090073,192823975,26919,N,2,51,201909
20190802,20190801,73,164090073,192914371,26917,N,4,52,201909
20190802,20190801,73,164090073,193037135,26919,N,1,53,201909
20190802,20190801,73,164090073,193223354,26921,N,1,54,201909
20190802,20190801,73,164090073,193643064,26922,N,5,55,201909
20190802,20190801,73,164090073,194026559,26925,N,1,56,201909
20190802,20190801,73,164090073,194705466,26912,N,1,57,201909
20190802,20190801,73,164090073,194745043,26911,N,1,58,201909
20190802,20190801,73,164090073,195329594,26906,N,10,59,201909
20190802,20190801,73,164090073,195329594,26907,N,20,60,201909
20190802,20190801,73,164090073,195354723,26902,N,9,61,201909
20190802,20190801,73,164090073,195548895,26903,N,1,62,201909
20190802,20190801,73,164090073,195558609,26903,N,9,63,201909
20190802,20190801,73,164090073,195714186,26907,N,1,64,201909
20190802,20190801,73,164090073,195816391,26906,N,1,65,201909
20190802,20190801,73,164090073,195909321,26908,N,1,66,201909
20190802,20190801,73,164090073,200044956,26901,N,1,67,201909
20190802,20190801,73,164090073,200119031,26910,N,1,68,201909
20190802,20190801,73,164090073,200143837,26910,N,1,69,201909
20190802,20190801,73,164090073,200904990,26897,N,2,70,201909
20190802,20190801,73,164090073,201132493,26898,N,1,71,201909
20190802,20190801,73,164090073,201416387,26896,N,2,72,201909
20190802,20190801,73,164090073,201423827,26894,N,3,73,201909
20190802,20190801,73,164090073,201524656,26889,N,2,74,201909
20190802,20190801,73,164090073,201652888,26900,N,1,75,201909
20190802,20190801,73,164090073,202015628,26900,N,1,76,201909
20190802,20190801,73,164090073,202104982,26895,N,1,77,201909
20190802,20190801,73,164090073,202111101,26900,N,1,78,201909
20190802,20190801,73,164090073,202129118,26895,N,1,79,201909
20190802,20190801,73,164090073,202231139,26892,N,1,80,201909
20190802,20190801,73,164090073,202326840,26890,N,5,81,201909
20190802,20190801,73,164090073,202331518,26892,N,1,82,201909
20190802,20190801,73,164090073,204447182,26880,N,3,83,201909
20190802,20190801,73,164090073,204447182,26879,N,2,84,201909
20190802,20190801,73,164090073,204450469,26879,N,2,85,201909
20190802,20190801,73,164090073,204647743,26897,N,5,86,201909
20190802,20190801,73,164090073,210810307,26876,N,1,87,201909
20190802,20190801,73,164090073,210933986,26870,N,11,88,201909
20190802,20190801,73,164090073,210934090,26870,N,5,89,201909
20190802,20190801,73,164090073,211509307,26874,N,1,90,201909
20190802,20190801,73,164090073,211614679,26875,N,1,91,201909
20190802,20190801,73,164090073,211653562,26878,N,1,92,201909
20190802,20190801,73,164090073,212647942,26869,N,1,93,201909
20190802,20190801,73,164090073,212837960,26860,N,1,94,201909
20190802,20190801,73,164090073,212847915,26856,N,1,95,201909
20190802,20190801,73,164090073,212950051,26859,N,2,96,201909
20190802,20190801,73,164090073,213002926,26858,N,5,97,201909
20190802,20190801,73,164090073,213608958,26861,N,1,98,201909
20190802,20190801,73,164090073,213805789,26867,N,5,99,201909
20190802,20190801,73,164090073,214246441,26874,N,1,100,201909
20190802,20190801,73,164090073,214259444,26874,N,5,101,201909
20190802,20190801,73,164090073,214841278,26868,N,1,102,201909
20190802,20190801,73,164090073,215335341,26872,N,1,103,201909
20190802,20190801,73,164090073,215405802,26875,N,1,104,201909
20190802,20190801,73,164090073,215442023,26877,N,1,105,201909
20190802,20190801,73,164090073,220229052,26878,N,1,106,201909
20190802,20190801,73,164090073,220526946,26860,N,5,107,201909
20190802,20190801,73,164090073,220808667,26856,N,1,108,201909
20190802,20190801,73,164090073,220923780,26844,N,1,109,201909
20190802,20190801,73,164090073,220937471,26849,N,1,110,201909
20190802,20190801,73,164090073,221328526,26833,N,3,111,201909
20190802,20190801,73,164090073,221417064,26840,N,5,112,201909
20190802,20190801,73,164090073,221815186,26839,N,1,113,201909
20190802,20190801,73,164090073,222723396,26851,N,1,114,201909
20190802,20190801,73,164090073,223042633,26845,N,5,115,201909
20190802,20190801,73,164090073,223042771,26845,N,5,116,201909
20190802,20190801,73,164090073,223109347,26860,N,30,117,201909
20190802,20190801,73,164090073,223145398,26877,N,1,118,201909
20190802,20190801,73,164090073,223213296,26831,N,5,119,201909
20190802,20190801,73,164090073,223213420,26830,N,2,120,201909
20190802,20190801,73,164090073,223332574,26849,N,4,121,201909
20190802,20190801,73,164090073,223332756,26850,N,2,122,201909
20190802,20190801,73,164090073,223412686,26856,N,1,123,201909
20190802,20190801,73,164090073,223430971,26854,N,6,124,201909
20190802,20190801,73,164090073,223659458,26855,N,1,125,201909
20190802,20190801,73,164090073,223803077,26860,N,30,126,201909
20190802,20190801,73,164090073,223901388,26860,N,10,127,201909
20190802,20190801,73,164090073,224049090,26870,N,2,128,201909
20190802,20190801,73,164090073,224137315,26866,N,1,129,201909
20190802,20190801,73,164090073,224242967,26893,N,10,130,201909
20190802,20190801,73,164090073,224306525,26893,N,2,131,201909
20190802,20190801,73,164090073,224339670,26890,N,1,132,201909
20190802,20190801,73,164090073,224344470,26885,N,1,133,201909
20190802,20190801,73,164090073,224444917,26888,N,1,134,201909
20190802,20190801,73,164090073,224449306,26887,N,1,135,201909
20190802,20190801,73,164090073,224727025,26892,N,1,136,201909
20190802,20190801,73,164090073,224928547,26912,N,10,137,201909
20190802,20190801,73,164090073,224959486,26909,N,10,138,201909
20190802,20190801,73,164090073,225412752,26900,N,1,139,201909
20190802,20190801,73,164090073,225739414,26900,N,1,140,201909
20190802,20190801,73,164090073,230025301,26898,N,10,141,201909
20190802,20190801,73,164090073,230224345,26891,N,5,142,201909
20190802,20190801,73,164090073,230614427,26895,N,1,143,201909
20190802,20190801,73,164090073,230625727,26900,N,2,144,201909
20190802,20190801,73,164090073,230642012,26905,N,4,145,201909
20190802,20190801,73,164090073,230732415,26914,N,4,146,201909
20190802,20190801,73,164090073,230915062,26923,N,1,147,201909
20190802,20190801,73,164090073,230930000,26928,N,10,148,201909
20190802,20190801,73,164090073,231026813,26924,N,1,149,201909
20190802,20190801,73,164090073,231421283,26921,N,10,150,201909
20190802,20190801,73,164090073,231434715,26916,N,1,151,201909
20190802,20190801,73,164090073,231800777,26929,N,1,152,201909
20190802,20190801,73,164090073,231801643,26930,N,1,153,201909
20190802,20190801,73,164090073,231801726,26931,N,19,154,201909
20190802,20190801,73,164090073,231813326,26940,N,1,155,201909
20190802,20190801,73,164090073,231832750,26950,N,32,156,201909
20190802,20190801,73,164090073,231914940,26950,N,11,157,201909
20190802,20190801,73,164090073,231931988,26955,N,1,158,201909
20190802,20190801,73,164090073,231938723,26948,N,1,159,201909
20190802,20190801,73,164090073,232233993,26945,N,1,160,201909
20190802,20190801,73,164090073,232305400,26946,N,1,161,201909
20190802,20190801,73,164090073,232455688,26967,N,5,162,201909
20190802,20190801,73,164090073,232455689,26968,N,1,163,201909
20190802,20190801,73,164090073,232524649,26969,N,1,164,201909
20190802,20190801,73,164090073,232524649,26975,N,1,165,201909
20190802,20190801,73,164090073,232542938,26974,N,5,166,201909
20190802,20190801,73,164090073,232632505,26965,N,14,167,201909
20190802,20190801,73,164090073,232728222,26970,N,1,168,201909
20190802,20190801,73,164090073,232729086,26975,N,9,169,201909
20190802,20190801,73,164090073,232758018,26980,N,1,170,201909
20190802,20190801,73,164090073,232758107,26980,N,3,171,201909
20190802,20190801,73,164090073,232901239,26990,N,1,172,201909
20190802,20190801,73,164090073,232951271,27000,N,11,173,201909
20190802,20190801,73,164090073,232952372,27000,N,10,174,201909
20190802,20190801,73,164090073,232952702,27000,N,10,175,201909
20190802,20190801,73,164090073,232952981,27000,N,10,176,201909
20190802,20190801,73,164090073,232953264,27000,N,12,177,201909
20190802,20190801,73,164090073,233001975,27000,N,22,178,201909
20190802,20190801,73,164090073,233002099,27000,N,16,179,201909
20190802,20190801,73,164090073,233002223,27000,N,6,180,201909
20190802,20190801,73,164090073,233114029,26986,N,2,181,201909
20190802,20190801,73,164090073,233132664,26997,N,1,182,201909
20190802,20190801,73,164090073,233206565,26996,N,1,183,201909
20190802,20190801,73,164090073,233226111,26995,N,1,184,201909
20190802,20190801,73,164090073,233255151,26995,N,2,185,201909
20190802,20190801,73,164090073,233327102,26998,N,5,186,201909
20190802,20190801,73,164090073,233329039,27000,N,5,187,201909
20190802,20190801,73,164090073,233329164,27000,N,5,188,201909
20190802,20190801,73,164090073,233427662,27032,N,1,189,201909
20190802,20190801,73,164090073,233452372,27032,N,1,190,201909
20190802,20190801,73,164090073,233456336,27028,N,1,191,201909
20190802,20190801,73,164090073,233505440,27028,N,2,192,201909
20190802,20190801,73,164090073,233515867,27020,N,1,193,201909
20190802,20190801,73,164090073,233555694,27015,N,1,194,201909
20190802,20190801,73,164090073,233654065,27005,N,3,195,201909
20190802,20190801,73,164090073,233735442,27015,N,1,196,201909
20190802,20190801,73,164090073,233819616,27015,N,1,197,201909
20190802,20190801,73,164090073,233827577,27021,N,1,198,201909
20190802,20190801,73,164090073,233854568,27019,N,3,199,201909
20190802,20190801,73,164090073,233900848,27017,N,1,200,201909
20190802,20190801,73,164090073,233954616,27018,N,1,201,201909
20190802,20190801,73,164090073,233959076,27012,N,1,202,201909
20190802,20190801,73,164090073,234002869,27023,N,1,203,201909
20190802,20190801,73,164090073,234059178,27013,N,1,204,201909
20190802,20190801,73,164090073,234105699,27016,N,5,205,201909
20190802,20190801,73,164090073,234110140,27020,N,1,206,201909
20190802,20190801,73,164090073,234234273,27022,N,5,207,201909
20190802,20190801,73,164090073,234246210,27025,N,2,208,201909
20190802,20190801,73,164090073,234337597,27039,N,1,209,201909
20190802,20190801,73,164090073,234521418,27031,N,1,210,201909
20190802,20190801,73,164090073,234658165,27031,N,5,211,201909
20190802,20190801,73,164090073,234737061,27031,N,5,212,201909
20190802,20190801,73,164090073,234837238,27039,N,2,213,201909
20190802,20190801,73,164090073,234855502,27050,N,1,214,201909
20190802,20190801,73,164090073,234855503,27050,N,2,215,201909
20190802,20190801,73,164090073,234856284,27050,N,1,216,201909
20190802,20190801,73,164090073,234901530,27049,N,2,217,201909
20190802,20190801,73,164090073,234906622,27050,N,3,218,201909
20190802,20190801,73,164090073,234959187,27050,N,3,219,201909
20190802,20190801,73,164090073,234959187,27054,N,1,220,201909
20190802,20190801,73,164090073,235535269,27070,N,1,221,201909
20190802,20190801,73,164090073,235618267,27076,N,1,222,201909
20190802,20190801,73,164090073,235723586,27070,N,5,223,201909
20190802,20190801,73,164090073,235748404,27073,N,5,224,201909
20190802,20190801,73,164090073,235753788,27073,N,1,225,201909
20190802,20190801,73,164090073,235827169,27080,N,1,226,201909
20190802,20190801,73,164090073,235829177,27087,N,10,227,201909
20190802,20190801,73,164090073,235855129,27093,N,1,228,201909
20190802,20190801,73,164090073,235920096,27083,N,1,229,201909
20190802,20190801,73,164090073,235927533,27087,N,2,230,201909
20190802,20190801,73,164090073,000038201,27094,N,1,231,201909
20190802,20190801,73,164090073,000116046,27092,N,1,232,201909
20190802,20190801,73,164090073,000117484,27091,N,1,233,201909
20190802,20190801,73,164090073,000119873,27091,N,1,234,201909
20190802,20190801,73,164090073,000121258,27092,N,1,235,201909
20190802,20190801,73,164090073,000132948,27092,N,1,236,201909
20190802,20190801,73,164090073,000147011,27092,N,1,237,201909
20190802,20190801,73,164090073,000149569,27092,N,1,238,201909
20190802,20190801,73,164090073,000204669,27093,N,1,239,201909
20190802,20190801,73,164090073,000207642,27095,N,1,240,201909
20190802,20190801,73,164090073,000233083,27100,N,1,241,201909
20190802,20190801,73,164090073,000235627,27100,N,50,242,201909
20190802,20190801,73,164090073,000235627,27100,N,50,243,201909
20190802,20190801,73,164090073,000235628,27100,N,50,244,201909
20190802,20190801,73,164090073,000235628,27100,N,3,245,201909
20190802,20190801,73,164090073,000235685,27100,N,10,246,201909
20190802,20190801,73,164090073,000235685,27100,N,5,247,201909
20190802,20190801,73,164090073,000235710,27100,N,1,248,201909
20190802,20190801,73,164090073,000235735,27105,N,4,249,201909
20190802,20190801,73,164090073,000247330,27117,N,1,250,201909
20190802,20190801,73,164090073,000449697,27067,N,1,251,201909
20190802,20190801,73,164090073,000512080,27076,N,1,252,201909
20190802,20190801,73,164090073,000557960,27076,N,1,253,201909
20190802,20190801,73,164090073,000609390,27081,N,10,254,201909
20190802,20190801,73,164090073,000609717,27081,N,5,255,201909
20190802,20190801,73,164090073,000609717,27081,N,5,256,201909
20190802,20190801,73,164090073,000609717,27086,N,1,257,201909
20190802,20190801,73,164090073,000637108,27072,N,10,258,201909
20190802,20190801,73,164090073,000640629,27072,N,1,259,201909
20190802,20190801,73,164090073,000642670,27069,N,2,260,201909
20190802,20190801,73,164090073,000647774,27069,N,1,261,201909
20190802,20190801,73,164090073,000717672,27065,N,1,262,201909
20190802,20190801,73,164090073,000749736,27065,N,10,263,201909
20190802,20190801,73,164090073,000752196,27065,N,5,264,201909
20190802,20190801,73,164090073,000752196,27066,N,10,265,201909
20190802,20190801,73,164090073,000753172,27063,N,1,266,201909
20190802,20190801,73,164090073,000756025,27069,N,10,267,201909
20190802,20190801,73,164090073,000810786,27072,N,1,268,201909
20190802,20190801,73,164090073,000847436,27063,N,1,269,201909
20190802,20190801,73,164090073,000851464,27065,N,11,270,201909
20190802,20190801,73,164090073,001113256,27065,N,3,271,201909
20190802,20190801,73,164090073,001130897,27071,N,5,272,201909
20190802,20190801,73,164090073,001147591,27067,N,5,273,201909
20190802,20190801,73,164090073,001147716,27067,N,5,274,201909
20190802,20190801,73,164090073,001148116,27067,N,10,275,201909
20190802,20190801,73,164090073,001148717,27068,N,5,276,201909
20190802,20190801,73,164090073,001149088,27069,N,10,277,201909
20190802,20190801,73,164090073,001150084,27071,N,10,278,201909
20190802,20190801,73,164090073,001217650,27071,N,1,279,201909
20190802,20190801,73,164090073,001224106,27071,N,10,280,201909
20190802,20190801,73,164090073,001224106,27070,N,5,281,201909
20190802,20190801,73,164090073,001224106,27070,N,15,282,201909
20190802,20190801,73,164090073,001224277,27071,N,19,283,201909
20190802,20190801,73,164090073,001645262,27087,N,1,284,201909
20190802,20190801,73,164090073,001751503,27072,N,7,285,201909
20190802,20190801,73,164090073,001914546,27071,N,5,286,201909
20190802,20190801,73,164090073,002214724,27097,N,5,287,201909
20190802,20190801,73,164090073,002626418,27079,N,9,288,201909
20190802,20190801,73,164090073,002741361,27091,N,3,289,201909
20190802,20190801,73,164090073,002920166,27095,N,1,290,201909
20190802,20190801,73,164090073,002934426,27097,N,2,291,201909
20190802,20190801,73,164090073,002934692,27100,N,3,292,201909
20190802,20190801,73,164090073,003006545,27110,N,5,293,201909
20190802,20190801,73,164090073,003047816,27095,N,3,294,201909
20190802,20190801,73,164090073,003400246,27100,N,1,295,201909
20190802,20190801,73,164090073,003709802,27110,N,1,296,201909
20190802,20190801,73,164090073,003725569,27109,N,1,297,201909
20190802,20190801,73,164090073,003812851,27110,N,3,298,201909
20190802,20190801,73,164090073,003859646,27110,N,2,299,201909
20190802,20190801,73,164090073,003900411,27111,N,1,300,201909
20190802,20190801,73,164090073,004054978,27110,N,1,301,201909
20190802,20190801,73,164090073,004118514,27110,N,1,302,201909
20190802,20190801,73,164090073,004155081,27114,N,1,303,201909
20190802,20190801,73,164090073,004252672,27125,N,5,304,201909
20190802,20190801,73,164090073,004252721,27125,N,4,305,201909
20190802,20190801,73,164090073,004253042,27125,N,2,306,201909
20190802,20190801,73,164090073,004409453,27130,N,1,307,201909
20190802,20190801,73,164090073,004409453,27133,N,9,308,201909
20190802,20190801,73,164090073,005008493,27127,N,7,309,201909
20190802,20190801,73,164090073,005046548,27127,N,1,310,201909
20190802,20190801,73,164090073,005210423,27128,N,10,311,201909
20190802,20190801,73,164090073,005212854,27133,N,1,312,201909
20190802,20190801,73,164090073,005501155,27120,N,1,313,201909
20190802,20190801,73,164090073,005639264,27100,N,2,314,201909
20190802,20190801,73,164090073,005739622,27092,N,1,315,201909
20190802,20190801,73,164090073,005758754,27094,N,8,316,201909
20190802,20190801,73,164090073,005837988,27098,N,4,317,201909
20190802,20190801,73,164090073,005848602,27098,N,1,318,201909
20190802,20190801,73,164090073,005921582,27092,N,2,319,201909
20190802,20190801,73,164090073,005925610,27092,N,27,320,201909
20190802,20190801,73,164090073,005928917,27090,N,11,321,201909
20190802,20190801,73,164090073,005935140,27090,N,39,322,201909
20190802,20190801,73,164090073,010038792,27087,N,4,323,201909
20190802,20190801,73,164090073,010153628,27080,N,20,324,201909
20190802,20190801,73,164090073,011652402,27077,N,1,325,201909
20190802,20190801,73,164090073,011738365,27063,N,3,326,201909
20190802,20190801,73,164090073,011917227,27061,N,1,327,201909
20190802,20190801,73,164090073,011919664,27059,N,1,328,201909
20190802,20190801,73,164090073,012400027,27062,N,2,329,201909
20190802,20190801,73,164090073,013755908,27080,N,2,330,201909
20190802,20190801,73,164090073,013850347,27074,N,6,331,201909
20190802,20190801,73,164090073,014126635,27087,N,1,332,201909
20190802,20190801,73,164090073,014126759,27088,N,1,333,201909
20190802,20190801,73,164090073,014128205,27087,N,1,334,201909
20190802,20190801,73,164090073,014137424,27095,N,1,335,201909
20190802,20190801,73,164090073,014347759,27095,N,1,336,201909
20190802,20190801,73,164090073,014519937,27094,N,1,337,201909
20190802,20190801,73,164090073,014535940,27100,N,1,338,201909
20190802,20190801,73,164090073,014637158,27108,N,3,339,201909
20190802,20190801,73,164090073,014651076,27107,N,1,340,201909
20190802,20190801,73,164090073,015551734,27085,N,1,341,201909
20190802,20190801,73,164090073,020822746,27071,N,1,342,201909
20190802,20190801,73,164090073,021311741,27072,N,3,343,201909
20190802,20190801,73,164090073,021846495,27074,N,1,344,201909
20190802,20190801,73,164090073,022627657,27063,N,10,345,201909
20190802,20190801,73,164090073,022627658,27062,N,10,346,201909
20190802,20190801,73,164090073,022627667,27059,N,30,347,201909
20190802,20190801,73,164090073,022627924,27050,N,1,348,201909
20190802,20190801,73,164090073,022628651,27045,N,10,349,201909
20190802,20190801,73,164090073,022702562,27026,N,10,350,201909
20190802,20190801,73,164090073,022727000,27010,N,10,351,201909
20190802,20190801,73,164090073,022727835,27009,N,1,352,201909
20190802,20190801,73,164090073,022729460,27003,N,10,353,201909
20190802,20190801,73,164090073,022729739,27000,N,2,354,201909
20190802,20190801,73,164090073,022729914,26995,N,3,355,201909
20190802,20190801,73,164090073,022736736,26990,N,20,356,201909
20190802,20190801,73,164090073,022743663,26980,N,3,357,201909
20190802,20190801,73,164090073,022829198,26963,N,10,358,201909
20190802,20190801,73,164090073,022829332,26961,N,4,359,201909
20190802,20190801,73,164090073,022830472,26961,N,10,360,201909
20190802,20190801,73,164090073,022831524,26954,N,10,361,201909
20190802,20190801,73,164090073,022835355,26956,N,1,362,201909
20190802,20190801,73,164090073,022835589,26941,N,10,363,201909
20190802,20190801,73,164090073,022840142,26945,N,21,364,201909
20190802,20190801,73,164090073,022840143,26944,N,10,365,201909
20190802,20190801,73,164090073,022842252,26930,N,1,366,201909
20190802,20190801,73,164090073,022844474,26917,N,10,367,201909
20190802,20190801,73,164090073,022850071,26910,N,2,368,201909
20190802,20190801,73,164090073,022927102,26938,N,10,369,201909
20190802,20190801,73,164090073,022936916,26918,N,10,370,201909
20190802,20190801,73,164090073,022945896,26907,N,10,371,201909
20190802,20190801,73,164090073,022953688,26890,N,1,372,201909
20190802,20190801,73,164090073,022954319,26878,N,2,373,201909
20190802,20190801,73,164090073,023009127,26887,N,10,374,201909
20190802,20190801,73,164090073,023019926,26882,N,10,375,201909
20190802,20190801,73,164090073,023024290,26875,N,1,376,201909
20190802,20190801,73,164090073,023025806,26871,N,10,377,201909
20190802,20190801,73,164090073,023037000,26894,N,10,378,201909
20190802,20190801,73,164090073,023104929,26952,N,3,379,201909
20190802,20190801,73,164090073,023126229,26948,N,4,380,201909
20190802,20190801,73,164090073,023126230,26948,N,6,381,201909
20190802,20190801,73,164090073,023205735,26955,N,10,382,201909
20190802,20190801,73,164090073,023410838,26884,N,10,383,201909
20190802,20190801,73,164090073,023417826,26881,N,10,384,201909
20190802,20190801,73,164090073,023433045,26860,N,1,385,201909
20190802,20190801,73,164090073,023444615,26850,N,1,386,201909
20190802,20190801,73,164090073,023508235,26803,N,10,387,201909
20190802,20190801,73,164090073,023508236,26800,N,1,388,201909
20190802,20190801,73,164090073,023508961,26800,N,6,389,201909
20190802,20190801,73,164090073,023530647,26811,N,10,390,201909
20190802,20190801,73,164090073,023532923,26815,N,1,391,201909
20190802,20190801,73,164090073,023548376,26845,N,1,392,201909
20190802,20190801,73,164090073,023559440,26846,N,1,393,201909
20190802,20190801,73,164090073,023611397,26835,N,1,394,201909
20190802,20190801,73,164090073,023656760,26827,N,10,395,201909
20190802,20190801,73,164090073,023712062,26842,N,10,396,201909
20190802,20190801,73,164090073,023721463,26842,N,1,397,201909
20190802,20190801,73,164090073,023721529,26836,N,11,398,201909
20190802,20190801,73,164090073,023829124,26802,N,10,399,201909
20190802,20190801,73,164090073,023843172,26787,N,4,400,201909
20190802,20190801,73,164090073,023843173,26784,N,1,401,201909
20190802,20190801,73,164090073,023846502,26784,N,1,402,201909
20190802,20190801,73,164090073,023848530,26783,N,1,403,201909
20190802,20190801,73,164090073,023911168,26794,N,10,404,201909
20190802,20190801,73,164090073,023939809,26767,N,10,405,201909
20190802,20190801,73,164090073,023945567,26755,N,1,406,201909
20190802,20190801,73,164090073,023950202,26750,N,1,407,201909
20190802,20190801,73,164090073,023950203,26745,N,1,408,201909
20190802,20190801,73,164090073,023952960,26753,N,1,409,201909
20190802,20190801,73,164090073,024001534,26742,N,1,410,201909
20190802,20190801,73,164090073,024001619,26740,N,10,411,201909
20190802,20190801,73,164090073,024017064,26733,N,10,412,201909
20190802,20190801,73,164090073,024036845,26732,N,10,413,201909
20190802,20190801,73,164090073,024043402,26737,N,1,414,201909
20190802,20190801,73,164090073,024052006,26747,N,10,415,201909
20190802,20190801,73,164090073,024116420,26735,N,1,416,201909
20190802,20190801,73,164090073,024146812,26751,N,10,417,201909
20190802,20190801,73,164090073,024151454,26770,N,3,418,201909
20190802,20190801,73,164090073,024228494,26803,N,10,419,201909
20190802,20190801,73,164090073,024244665,26790,N,1,420,201909
20190802,20190801,73,164090073,024249737,26795,N,1,421,201909
20190802,20190801,73,164090073,024300391,26772,N,3,422,201909
20190802,20190801,73,164090073,024317863,26744,N,10,423,201909
20190802,20190801,73,164090073,024318964,26754,N,10,424,201909
20190802,20190801,73,164090073,024339591,26734,N,10,425,201909
20190802,20190801,73,164090073,024504537,26704,N,10,426,201909
20190802,20190801,73,164090073,024508323,26701,N,1,427,201909
20190802,20190801,73,164090073,024508325,26700,N,3,428,201909
20190802,20190801,73,164090073,024531169,26752,N,3,429,201909
20190802,20190801,73,164090073,024613469,26727,N,1,430,201909
20190802,20190801,73,164090073,024624058,26729,N,1,431,201909
20190802,20190801,73,164090073,024640467,26693,N,1,432,201909
20190802,20190801,73,164090073,024640602,26690,N,1,433,201909
20190802,20190801,73,164090073,024701972,26725,N,10,434,201909
20190802,20190801,73,164090073,024811956,26711,N,1,435,201909
20190802,20190801,73,164090073,024824621,26711,N,10,436,201909
20190802,20190801,73,164090073,024825821,26715,N,1,437,201909
20190802,20190801,73,164090073,024846147,26723,N,3,438,201909
20190802,20190801,73,164090073,024852235,26716,N,1,439,201909
20190802,20190801,73,164090073,024951258,26720,N,10,440,201909
20190802,20190801,73,164090073,025022513,26722,N,10,441,201909
20190802,20190801,73,164090073,025022648,26729,N,5,442,201909
20190802,20190801,73,164090073,025035209,26726,N,2,443,201909
20190802,20190801,73,164090073,025046919,26716,N,5,444,201909
20190802,20190801,73,164090073,025049139,26715,N,5,445,201909
20190802,20190801,73,164090073,025051631,26712,N,5,446,201909
20190802,20190801,73,164090073,025117111,26720,N,2,447,201909
20190802,20190801,73,164090073,025159383,26710,N,1,448,201909
20190802,20190801,73,164090073,025223013,26700,N,1,449,201909
20190802,20190801,73,164090073,025244894,26671,N,10,450,201909
20190802,20190801,73,164090073,025302322,26661,N,5,451,201909
20190802,20190801,73,164090073,025310855,26657,N,5,452,201909
20190802,20190801,73,164090073,025355848,26637,N,2,453,201909
20190802,20190801,73,164090073,025410574,26658,N,1,454,201909
20190802,20190801,73,164090073,025456028,26624,N,1,455,201909
20190802,20190801,73,164090073,025524874,26622,N,4,456,201909
20190802,20190801,73,164090073,025525680,26631,N,8,457,201909
20190802,20190801,73,164090073,025652111,26656,N,4,458,201909
20190802,20190801,73,164090073,025701557,26665,N,10,459,201909
20190802,20190801,73,164090073,025704506,26666,N,5,460,201909
20190802,20190801,73,164090073,025817368,26673,N,4,461,201909
20190802,20190801,73,164090073,025853137,26684,N,10,462,201909
20190802,20190801,73,164090073,025913926,26688,N,10,463,201909
20190802,20190801,73,164090073,025913926,26687,N,11,464,201909
20190802,20190801,73,164090073,025913926,26684,N,9,465,201909
20190802,20190801,73,164090073,025917133,26686,N,1,466,201909
20190802,20190801,73,164090073,030011223,26702,N,1,467,201909
20190802,20190801,73,164090073,030014564,26690,N,5,468,201909
20190802,20190801,73,164090073,030031305,26711,N,1,469,201909
20190802,20190801,73,164090073,030037428,26706,N,10,470,201909
20190802,20190801,73,164090073,030042002,26701,N,5,471,201909
20190802,20190801,73,164090073,030133144,26708,N,1,472,201909
20190802,20190801,73,164090073,030149547,26703,N,1,473,201909
20190802,20190801,73,164090073,030314379,26652,N,1,474,201909
20190802,20190801,73,164090073,030324220,26657,N,11,475,201909
20190802,20190801,73,164090073,030439032,26640,N,5,476,201909
20190802,20190801,73,164090073,030443654,26633,N,11,477,201909
20190802,20190801,73,164090073,030443654,26632,N,9,478,201909
20190802,20190801,73,164090073,030552228,26651,N,1,479,201909
20190802,20190801,73,164090073,030624276,26685,N,21,480,201909
20190802,20190801,73,164090073,030624276,26689,N,9,481,201909
20190802,20190801,73,164090073,030626961,26684,N,10,482,201909
20190802,20190801,73,164090073,030627086,26685,N,2,483,201909
20190802,20190801,73,164090073,030641252,26677,N,1,484,201909
20190802,20190801,73,164090073,030657764,26677,N,1,485,201909
20190802,20190801,73,164090073,030753389,26640,N,10,486,201909
20190802,20190801,73,164090073,030826701,26633,N,4,487,201909
20190802,20190801,73,164090073,030841197,26622,N,11,488,201909
20190802,20190801,73,164090073,030841197,26621,N,9,489,201909
20190802,20190801,73,164090073,030909754,26645,N,1,490,201909
20190802,20190801,73,164090073,030913645,26646,N,1,491,201909
20190802,20190801,73,164090073,031005093,26638,N,1,492,201909
20190802,20190801,73,164090073,031027724,26624,N,1,493,201909
20190802,20190801,73,164090073,031051392,26605,N,1,494,201909
20190802,20190801,73,164090073,031051392,26603,N,6,495,201909
20190802,20190801,73,164090073,031127978,26610,N,2,496,201909
20190802,20190801,73,164090073,031200183,26600,N,6,497,201909
20190802,20190801,73,164090073,031217259,26569,N,1,498,201909
20190802,20190801,73,164090073,031219861,26576,N,10,499,201909
20190802,20190801,73,164090073,031231782,26600,N,1,500,201909
20190802,20190801,73,164090073,031241354,26594,N,1,501,201909
20190802,20190801,73,164090073,031325170,26634,N,1,502,201909
20190802,20190801,73,164090073,031328855,26635,N,1,503,201909
20190802,20190801,73,164090073,031535687,26649,N,2,504,201909
20190802,20190801,73,164090073,031541937,26650,N,1,505,201909
20190802,20190801,73,164090073,031601064,26646,N,10,506,201909
20190802,20190801,73,164090073,031656489,26618,N,2,507,201909
20190802,20190801,73,164090073,031803279,26634,N,1,508,201909
20190802,20190801,73,164090073,031921268,26629,N,10,509,201909
20190802,20190801,73,164090073,031938226,26630,N,10,510,201909
20190802,20190801,73,164090073,032012675,26630,N,2,511,201909
20190802,20190801,73,164090073,032113212,26605,N,1,512,201909
20190802,20190801,73,164090073,032305132,26580,N,1,513,201909
20190802,20190801,73,164090073,032328808,26575,N,7,514,201909
20190802,20190801,73,164090073,032340530,26571,N,5,515,201909
20190802,20190801,73,164090073,032342657,26570,N,1,516,201909
20190802,20190801,73,164090073,032356870,26554,N,10,517,201909
20190802,20190801,73,164090073,032404141,26550,N,1,518,201909
20190802,20190801,73,164090073,032434444,26579,N,5,519,201909
20190802,20190801,73,164090073,032527889,26599,N,1,520,201909
20190802,20190801,73,164090073,032646455,26573,N,10,521,201909
20190802,20190801,73,164090073,032746810,26584,N,10,522,201909
20190802,20190801,73,164090073,032750907,26591,N,21,523,201909
20190802,20190801,73,164090073,032840243,26606,N,10,524,201909
20190802,20190801,73,164090073,032903747,26594,N,10,525,201909
20190802,20190801,73,164090073,032903747,26593,N,10,526,201909
20190802,20190801,73,164090073,032916654,26591,N,2,527,201909
20190802,20190801,73,164090073,032941351,26580,N,20,528,201909
20190802,20190801,73,164090073,032941351,26579,N,11,529,201909
20190802,20190801,73,164090073,032941351,26572,N,10,530,201909
20190802,20190801,73,164090073,032941351,26567,N,10,531,201909
20190802,20190801,73,164090073,032941351,26560,N,10,532,201909
20190802,20190801,73,164090073,032941351,26553,N,10,533,201909
20190802,20190801,73,164090073,032941351,26550,N,2,534,201909
20190802,20190801,73,164090073,032941351,26542,N,10,535,201909
20190802,20190801,73,164090073,032941351,26533,N,10,536,201909
20190802,20190801,73,164090073,032941351,26522,N,7,537,201909
20190802,20190801,73,164090073,032941745,26530,N,1,538,201909
20190802,20190801,73,164090073,032956999,26596,N,10,539,201909
20190802,20190801,73,164090073,032956999,26589,N,11,540,201909
20190802,20190801,73,164090073,032956999,26588,N,10,541,201909
20190802,20190801,73,164090073,032956999,26587,N,10,542,201909
20190802,20190801,73,164090073,032956999,26582,N,2,543,201909
20190802,20190801,73,164090073,032956999,26578,N,7,544,201909
20190802,20190801,73,164090073,033009399,26593,N,10,545,201909
20190802,20190801,73,164090073,033009399,26592,N,10,546,201909
20190802,20190801,73,164090073,033012254,26601,N,10,547,201909
20190802,20190801,73,164090073,033013524,26589,N,10,548,201909
20190802,20190801,73,164090073,033013524,26588,N,20,549,201909
20190802,20190801,73,164090073,033013524,26587,N,10,550,201909
20190802,20190801,73,164090073,033013524,26586,N,10,551,201909
20190802,20190801,73,164090073,033115633,26561,N,10,552,201909
20190802,20190801,73,164090073,033115633,26560,N,10,553,201909
20190802,20190801,73,164090073,033130936,26572,N,10,554,201909
20190802,20190801,73,164090073,033130936,26571,N,10,555,201909
20190802,20190801,73,164090073,033215820,26577,N,10,556,201909
20190802,20190801,73,164090073,033221663,26573,N,1,557,201909
20190802,20190801,73,164090073,033232768,26566,N,10,558,201909
20190802,20190801,73,164090073,033248105,26572,N,10,559,201909
20190802,20190801,73,164090073,033302952,26561,N,10,560,201909
20190802,20190801,73,164090073,033308997,26566,N,16,561,201909
20190802,20190801,73,164090073,033309216,26565,N,5,562,201909
20190802,20190801,73,164090073,033322200,26550,N,9,563,201909
20190802,20190801,73,164090073,033325623,26540,N,10,564,201909
20190802,20190801,73,164090073,033325623,26539,N,10,565,201909
20190802,20190801,73,164090073,033325746,26539,N,2,566,201909
20190802,20190801,73,164090073,033336302,26550,N,10,567,201909
20190802,20190801,73,164090073,033549110,26559,N,9,568,201909
20190802,20190801,73,164090073,033708420,26556,N,5,569,201909
20190802,20190801,73,164090073,033726267,26564,N,4,570,201909
20190802,20190801,73,164090073,033802535,26565,N,2,571,201909
20190802,20190801,73,164090073,033910205,26547,N,1,572,201909
20190802,20190801,73,164090073,033924369,26545,N,1,573,201909
20190802,20190801,73,164090073,033929243,26552,N,2,574,201909
20190802,20190801,73,164090073,033948680,26533,N,5,575,201909
20190802,20190801,73,164090073,034236769,26546,N,9,576,201909
20190802,20190801,73,164090073,034446407,26527,N,1,577,201909
20190802,20190801,73,164090073,034452033,26530,N,5,578,201909
20190802,20190801,73,164090073,034522073,26525,N,9,579,201909
20190802,20190801,73,164090073,034538471,26533,N,9,580,201909
20190802,20190801,73,164090073,034931408,26586,N,1,581,201909
20190802,20190801,73,164090073,035047771,26609,N,1,582,201909
20190802,20190801,73,164090073,035048268,26609,N,1,583,201909
20190802,20190801,73,164090073,035202895,26615,N,10,584,201909
20190802,20190801,73,164090073,035202895,26617,N,11,585,201909
20190802,20190801,73,164090073,035202895,26627,N,10,586,201909
20190802,20190801,73,164090073,035202895,26629,N,10,587,201909
20190802,20190801,73,164090073,035202895,26630,N,10,588,201909
20190802,20190801,73,164090073,035202895,26631,N,10,589,201909
20190802,20190801,73,164090073,035202895,26632,N,10,590,201909
20190802,20190801,73,164090073,035202895,26643,N,10,591,201909
20190802,20190801,73,164090073,035202895,26654,N,10,592,201909
20190802,20190801,73,164090073,035202895,26660,N,20,593,201909
20190802,20190801,73,164090073,035202895,26669,N,10,594,201909
20190802,20190801,73,164090073,035202895,26670,N,1,595,201909
20190802,20190801,73,164090073,035202895,26676,N,10,596,201909
20190802,20190801,73,164090073,035202895,26686,N,10,597,201909
20190802,20190801,73,164090073,035202895,26692,N,10,598,201909
20190802,20190801,73,164090073,035202895,26698,N,10,599,201909
20190802,20190801,73,164090073,035202895,26709,N,10,600,201909
20190802,20190801,73,164090073,035202895,26720,N,10,601,201909
20190802,20190801,73,164090073,035202895,26726,N,10,602,201909
20190802,20190801,73,164090073,035202895,26733,N,10,603,201909
20190802,20190801,73,164090073,035202895,26791,N,1,604,201909
20190802,20190801,73,164090073,035202895,26830,N,1,605,201909
20190802,20190801,73,164090073,035232005,26623,N,34,606,201909
20190802,20190801,73,164090073,035254384,26624,N,1,607,201909
20190802,20190801,73,164090073,035413593,26626,N,7,608,201909
20190802,20190801,73,164090073,035530090,26579,N,31,609,201909
20190802,20190801,73,164090073,035530090,26580,N,5,610,201909
20190802,20190801,73,164090073,035852274,26581,N,33,611,201909
20190802,20190801,73,164090073,035854245,26581,N,5,612,201909
20190802,20190801,73,164090073,035854624,26581,N,22,613,201909
20190802,20190801,73,164090073,035854825,26581,N,11,614,201909
20190802,20190801,73,164090073,035854930,26581,N,29,615,201909
20190802,20190801,73,164090073,040000141,26585,N,5,616,201909
20190802,20190801,73,164090073,040000247,26585,N,9,617,201909
20190802,20190801,73,164090073,040000265,26585,N,16,618,201909
20190802,20190801,73,164090073,040211300,26544,N,10,619,201909
20190802,20190801,73,164090073,040211300,26539,N,10,620,201909
20190802,20190801,73,164090073,040211300,26519,N,10,621,201909
20190802,20190801,73,164090073,040347383,26550,N,5,622,201909
20190802,20190801,73,164090073,040347616,26550,N,5,623,201909
20190802,20190801,73,164090073,040347740,26550,N,5,624,201909
20190802,20190801,73,164090073,040347865,26550,N,11,625,201909
20190802,20190801,73,164090073,040347989,26550,N,4,626,201909
20190802,20190801,73,164090073,040359504,26558,N,1,627,201909
20190802,20190801,73,164090073,040440940,26580,N,5,628,201909
20190802,20190801,73,164090073,040451637,26580,N,5,629,201909
20190802,20190801,73,164090073,040451762,26580,N,10,630,201909
20190802,20190801,73,164090073,040814209,26538,N,10,631,201909
20190802,20190801,73,164090073,040941412,26540,N,1,632,201909
20190802,20190801,73,164090073,041101144,26531,N,1,633,201909
20190802,20190801,73,164090073,041132667,26520,N,20,634,201909
20190802,20190801,73,164090073,041134617,26517,N,1,635,201909
20190802,20190801,73,164090073,041228176,26550,N,5,636,201909
20190802,20190801,73,164090073,041228301,26550,N,2,637,201909
20190802,20190801,73,164090073,041230842,26556,N,2,638,201909
20190802,20190801,73,164090073,041354767,26535,N,1,639,201909
20190802,20190801,73,164090073,041703507,26578,N,1,640,201909
20190802,20190801,73,164090073,041724081,26570,N,22,641,201909
20190802,20190801,73,164090073,041830481,26575,N,1,642,201909
20190802,20190801,73,164090073,041844640,26578,N,1,643,201909
20190802,20190801,73,164090073,041858237,26581,N,1,644,201909
20190802,20190801,73,164090073,041921791,26571,N,1,645,201909
20190802,20190801,73,164090073,042303117,26576,N,10,646,201909
20190802,20190801,73,164090073,042447354,26609,N,1,647,201909
20190802,20190801,73,164090073,042449332,26605,N,1,648,201909
20190802,20190801,73,164090073,042802988,26624,N,1,649,201909
20190802,20190801,73,164090073,042824413,26623,N,10,650,201909
20190802,20190801,73,164090073,042907223,26610,N,1,651,201909
20190802,20190801,73,164090073,042940908,26600,N,1,652,201909
20190802,20190801,73,164090073,043003502,26594,N,1,653,201909
20190802,20190801,73,164090073,043010319,26605,N,10,654,201909
20190802,20190801,73,164090073,043045958,26597,N,6,655,201909
20190802,20190801,73,164090073,043045963,26595,N,1,656,201909
20190802,20190801,73,164090073,043929672,26601,N,1,657,201909
20190802,20190801,73,164090073,043940254,26610,N,1,658,201909
20190802,20190801,73,164090073,044055131,26595,N,1,659,201909
20190802,20190801,73,164090073,044140744,26591,N,1,660,201909
20190802,20190801,73,164090073,044158771,26591,N,1,661,201909
20190802,20190801,73,164090073,044227815,26582,N,2,662,201909
20190802,20190801,73,164090073,044338188,26570,N,1,663,201909
20190802,20190801,73,164090073,044433407,26582,N,2,664,201909
20190802,20190801,73,164090073,044511075,26585,N,2,665,201909
20190802,20190801,73,164090073,044804584,26605,N,1,666,201909
20190802,20190801,73,164090073,044812532,26608,N,1,667,201909
20190802,20190801,73,164090073,045002062,26550,N,11,668,201909
20190802,20190801,73,164090073,045002420,26551,N,10,669,201909
20190802,20190801,73,164090073,045002421,26550,N,10,670,201909
20190802,20190801,73,164090073,045010806,26548,N,10,671,201909
20190802,20190801,73,164090073,045102445,26548,N,1,672,201909
20190802,20190801,73,164090073,045138239,26529,N,10,673,201909
20190802,20190801,73,164090073,045143980,26539,N,2,674,201909
20190802,20190801,73,164090073,045304735,26554,N,3,675,201909
20190802,20190801,73,164090073,045311665,26539,N,4,676,201909
20190802,20190801,73,164090073,045417158,26527,N,10,677,201909
20190802,20190801,73,164090073,045433974,26517,N,1,678,201909
20190802,20190801,73,164090073,045447904,26511,N,1,679,201909
20190802,20190801,73,164090073,045500125,26512,N,32,680,201909
20190802,20190801,73,164090073,045517933,26518,N,21,681,201909
20190802,20190801,73,164090073,045517933,26516,N,4,682,201909
20190802,20190801,73,164090073,045713503,26539,N,5,683,201909
20190802,20190801,73,164090073,045713503,26539,N,5,684,201909
20190802,20190801,73,164090073,045713737,26539,N,11,685,201909
20190802,20190801,73,164090073,045722252,26536,N,10,686,201909
20190802,20190801,73,164090073,045722252,26537,N,10,687,201909
20190802,20190801,73,164090073,045724513,26546,N,2,688,201909
20190802,20190801,73,164090073,045959630,26543,N,10,689,201909
20190802,20190801,73,164090073,050000189,26551,N,11,690,201909
20190802,20190801,73,164090073,050140581,26539,N,10,691,201909
20190802,20190801,73,164090073,050203001,26588,N,1,692,201909
20190802,20190801,73,164090073,050212326,26575,N,2,693,201909
20190802,20190801,73,164090073,050530077,26554,N,1,694,201909
20190802,20190801,73,164090073,050535826,26557,N,2,695,201909
20190802,20190801,73,164090073,050702481,26561,N,2,696,201909
20190802,20190801,73,164090073,050736910,26567,N,1,697,201909
20190802,20190801,73,164090073,050742525,26573,N,2,698,201909
20190802,20190801,73,164090073,051014794,26558,N,10,699,201909
20190802,20190801,73,164090073,051111648,26564,N,8,700,201909
20190802,20190801,73,164090073,051133910,26560,N,2,701,201909
20190802,20190801,73,164090073,051134161,26553,N,1,702,201909
20190802,20190801,73,164090073,051208093,26550,N,1,703,201909
20190802,20190801,73,164090073,051217535,26549,N,1,704,201909
20190802,20190801,73,164090073,051245013,26542,N,1,705,201909
20190802,20190801,73,164090073,051325248,26546,N,18,706,201909
20190802,20190801,73,164090073,051428587,26533,N,1,707,201909
20190802,20190801,73,164090073,051452118,26530,E,2,708,201909
20190802,20190802,73,164090073,084501051,26503,O,53,709,201909
20190802,20190802,73,164090073,084550449,26503,N,1,710,201909
20190802,20190802,73,164090073,084801594,26519,N,2,711,201909
20190802,20190802,73,164090073,084812589,26502,N,1,712,201909
20190802,20190802,73,164090073,085112867,26510,N,1,713,201909
20190802,20190802,73,164090073,085142948,26507,N,1,714,201909
20190802,20190802,73,164090073,085158727,26500,N,11,715,201909
20190802,20190802,73,164090073,085206930,26500,N,10,716,201909
20190802,20190802,73,164090073,085206930,26501,N,11,717,201909
20190802,20190802,73,164090073,085216188,26507,N,2,718,201909
20190802,20190802,73,164090073,085228977,26500,N,4,719,201909
20190802,20190802,73,164090073,085631776,26508,N,2,720,201909
20190802,20190802,73,164090073,085651798,26502,N,1,721,201909
20190802,20190802,73,164090073,085841896,26498,N,1,722,201909
20190802,20190802,73,164090073,085930159,26496,N,1,723,201909
20190802,20190802,73,164090073,090016036,26496,N,1,724,201909
20190802,20190802,73,164090073,090108005,26495,N,22,725,201909
20190802,20190802,73,164090073,090108008,26495,N,5,726,201909
20190802,20190802,73,164090073,090108200,26495,N,5,727,201909
20190802,20190802,73,164090073,090108487,26495,N,5,728,201909
20190802,20190802,73,164090073,090108612,26495,N,16,729,201909
20190802,20190802,73,164090073,090110338,26495,N,5,730,201909
20190802,20190802,73,164090073,090110694,26495,N,5,731,201909
20190802,20190802,73,164090073,090110921,26495,N,5,732,201909
20190802,20190802,73,164090073,090111258,26495,N,5,733,201909
20190802,20190802,73,164090073,090111383,26495,N,5,734,201909
20190802,20190802,73,164090073,090111507,26495,N,5,735,201909
20190802,20190802,73,164090073,090111632,26495,N,5,736,201909
20190802,20190802,73,164090073,090111756,26495,N,5,737,201909
20190802,20190802,73,164090073,090111880,26495,N,8,738,201909
20190802,20190802,73,164090073,090112805,26492,N,1,739,201909
20190802,20190802,73,164090073,090113088,26490,N,2,740,201909
20190802,20190802,73,164090073,090126421,26478,N,1,741,201909
20190802,20190802,73,164090073,090141422,26476,N,10,742,201909
20190802,20190802,73,164090073,090202529,26476,N,1,743,201909
20190802,20190802,73,164090073,090229182,26489,N,4,744,201909
20190802,20190802,73,164090073,090230336,26478,N,1,745,201909
20190802,20190802,73,164090073,090256863,26477,N,1,746,201909
20190802,20190802,73,164090073,090324487,26486,N,1,747,201909
20190802,20190802,73,164090073,090412984,26473,N,10,748,201909
20190802,20190802,73,164090073,090415001,26474,N,10,749,201909
20190802,20190802,73,164090073,090421736,26473,N,10,750,201909
20190802,20190802,73,164090073,090427520,26470,N,10,751,201909
20190802,20190802,73,164090073,090451370,26473,N,2,752,201909
20190802,20190802,73,164090073,090621575,26468,N,2,753,201909
20190802,20190802,73,164090073,090701541,26472,N,2,754,201909
20190802,20190802,73,164090073,090729322,26473,N,5,755,201909
20190802,20190802,73,164090073,090922699,26495,N,2,756,201909
20190802,20190802,73,164090073,090932076,26494,N,1,757,201909
20190802,20190802,73,164090073,090933784,26494,N,2,758,201909
20190802,20190802,73,164090073,090945929,26495,N,1,759,201909
20190802,20190802,73,164090073,091303140,26510,N,1,760,201909
20190802,20190802,73,164090073,091303140,26513,N,6,761,201909
20190802,20190802,73,164090073,091526209,26523,N,1,762,201909
20190802,20190802,73,164090073,091820644,26540,N,2,763,201909
20190802,20190802,73,164090073,092004387,26523,N,5,764,201909
20190802,20190802,73,164090073,092004512,26523,N,2,765,201909
20190802,20190802,73,164090073,092729221,26502,N,10,766,201909
20190802,20190802,73,164090073,092801743,26502,N,5,767,201909
20190802,20190802,73,164090073,092818715,26504,N,10,768,201909
20190802,20190802,73,164090073,093034576,26505,N,1,769,201909
20190802,20190802,73,164090073,093045283,26504,N,1,770,201909
20190802,20190802,73,164090073,093045413,26503,N,1,771,201909
20190802,20190802,73,164090073,093423142,26496,N,1,772,201909
20190802,20190802,73,164090073,093540423,26500,N,6,773,201909
20190802,20190802,73,164090073,093801211,26495,N,2,774,201909
20190802,20190802,73,164090073,093825125,26485,N,1,775,201909
20190802,20190802,73,164090073,094123817,26488,N,2,776,201909
20190802,20190802,73,164090073,094919258,26481,N,1,777,201909
20190802,20190802,73,164090073,095128235,26480,N,4,778,201909
20190802,20190802,73,164090073,095128365,26479,N,1,779,201909
20190802,20190802,73,164090073,095202859,26470,N,7,780,201909
20190802,20190802,73,164090073,095246574,26462,N,1,781,201909
20190802,20190802,73,164090073,095626513,26477,N,1,782,201909
20190802,20190802,73,164090073,095724316,26488,N,1,783,201909
20190802,20190802,73,164090073,095858721,26480,N,1,784,201909
20190802,20190802,73,164090073,095932808,26460,N,1,785,201909
20190802,20190802,73,164090073,095937260,26442,N,2,786,201909
20190802,20190802,73,164090073,095937261,26442,N,2,787,201909
20190802,20190802,73,164090073,100443862,26486,N,1,788,201909
20190802,20190802,73,164090073,101136251,26481,N,1,789,201909
20190802,20190802,73,164090073,101241871,26474,N,1,790,201909
20190802,20190802,73,164090073,101320673,26481,N,1,791,201909
20190802,20190802,73,164090073,101459365,26481,N,1,792,201909
20190802,20190802,73,164090073,101751805,26487,N,1,793,201909
20190802,20190802,73,164090073,101924420,26490,N,1,794,201909
20190802,20190802,73,164090073,102117708,26491,N,2,795,201909
20190802,20190802,73,164090073,102357061,26491,N,1,796,201909
20190802,20190802,73,164090073,102416716,26482,N,2,797,201909
20190802,20190802,73,164090073,102639792,26497,N,7,798,201909
20190802,20190802,73,164090073,104448302,26507,N,5,799,201909
20190802,20190802,73,164090073,104449150,26507,N,5,800,201909
20190802,20190802,73,164090073,104721784,26515,N,1,801,201909
20190802,20190802,73,164090073,104732703,26512,N,1,802,201909
20190802,20190802,73,164090073,104819001,26503,N,1,803,201909
20190802,20190802,73,164090073,104822061,26510,N,10,804,201909
20190802,20190802,73,164090073,104822061,26511,N,31,805,201909
20190802,20190802,73,164090073,104822061,26512,N,9,806,201909
20190802,20190802,73,164090073,105018057,26497,N,5,807,201909
20190802,20190802,73,164090073,105538236,26514,N,11,808,201909
20190802,20190802,73,164090073,105539400,26514,N,11,809,201909
20190802,20190802,73,164090073,105543411,26514,N,10,810,201909
20190802,20190802,73,164090073,105543533,26514,N,18,811,201909
20190802,20190802,73,164090073,105547471,26516,N,10,812,201909
20190802,20190802,73,164090073,105630844,26520,N,1,813,201909
20190802,20190802,73,164090073,105925880,26519,N,1,814,201909
20190802,20190802,73,164090073,111127618,26520,N,3,815,201909
20190802,20190802,73,164090073,111332117,26520,N,10,816,201909
20190802,20190802,73,164090073,111612848,26516,N,1,817,201909
20190802,20190802,73,164090073,111724633,26515,N,4,818,201909
20190802,20190802,73,164090073,112337360,26522,N,1,819,201909
20190802,20190802,73,164090073,113006127,26500,N,7,820,201909
20190802,20190802,73,164090073,113130275,26490,N,11,821,201909
20190802,20190802,73,164090073,113311942,26480,N,2,822,201909
20190802,20190802,73,164090073,113318439,26481,N,2,823,201909
20190802,20190802,73,164090073,113321212,26481,N,2,824,201909
20190802,20190802,73,164090073,113326476,26483,N,2,825,201909
20190802,20190802,73,164090073,113330229,26483,N,2,826,201909
20190802,20190802,73,164090073,113732754,26470,N,2,827,201909
20190802,20190802,73,164090073,113930545,26475,N,1,828,201909
20190802,20190802,73,164090073,113952605,26470,N,20,829,201909
20190802,20190802,73,164090073,114012433,26470,N,1,830,201909
20190802,20190802,73,164090073,114115928,26477,N,2,831,201909
20190802,20190802,73,164090073,114205618,26475,N,1,832,201909
20190802,20190802,73,164090073,114742922,26466,N,10,833,201909
20190802,20190802,73,164090073,114742922,26467,N,10,834,201909
20190802,20190802,73,164090073,114814677,26470,N,2,835,201909
20190802,20190802,73,164090073,114850240,26466,N,2,836,201909
20190802,20190802,73,164090073,114852231,26467,N,2,837,201909
20190802,20190802,73,164090073,114855696,26472,N,2,838,201909
20190802,20190802,73,164090073,114902888,26468,N,2,839,201909
20190802,20190802,73,164090073,114905650,26468,N,2,840,201909
20190802,20190802,73,164090073,115013126,26470,N,1,841,201909
20190802,20190802,73,164090073,115025692,26471,N,2,842,201909
20190802,20190802,73,164090073,115127703,26475,N,2,843,201909
20190802,20190802,73,164090073,115144592,26473,N,1,844,201909
20190802,20190802,73,164090073,120003727,26477,N,1,845,201909
20190802,20190802,73,164090073,121031649,26474,N,1,846,201909
20190802,20190802,73,164090073,121542283,26476,N,1,847,201909
20190802,20190802,73,164090073,122014136,26472,N,1,848,201909
20190802,20190802,73,164090073,122154407,26481,N,1,849,201909
20190802,20190802,73,164090073,122211657,26480,N,1,850,201909
20190802,20190802,73,164090073,122515215,26467,N,5,851,201909
20190802,20190802,73,164090073,122519332,26460,N,10,852,201909
20190802,20190802,73,164090073,122646725,26469,N,1,853,201909
20190802,20190802,73,164090073,122909827,26474,N,1,854,201909
20190802,20190802,73,164090073,122938669,26470,N,1,855,201909
20190802,20190802,73,164090073,123229432,26481,N,5,856,201909
20190802,20190802,73,164090073,124322805,26492,N,1,857,201909
20190802,20190802,73,164090073,125233760,26493,N,1,858,201909
20190802,20190802,73,164090073,125233760,26492,N,1,859,201909
20190802,20190802,73,164090073,125322323,26495,N,1,860,201909
20190802,20190802,73,164090073,125713537,26493,N,2,861,201909
20190802,20190802,73,164090073,125735884,26492,N,2,862,201909
20190802,20190802,73,164090073,125822971,26498,N,1,863,201909
20190802,20190802,73,164090073,131041418,26494,N,1,864,201909
20190802,20190802,73,164090073,131201124,26496,N,1,865,201909
20190802,20190802,73,164090073,132003315,26497,N,1,866,201909
20190802,20190802,73,164090073,132206777,26491,N,1,867,201909
20190802,20190802,73,164090073,132505846,26498,N,1,868,201909
20190802,20190802,73,164090073,132523064,26500,N,1,869,201909
20190802,20190802,73,164090073,133456544,26508,N,1,870,201909
20190802,20190802,73,164090073,133920196,26510,N,20,871,201909
20190802,20190802,73,164090073,134120510,26512,N,2,872,201909
20190802,20190802,73,164090073,140121123,26521,N,1,873,201909
20190802,20190802,73,164090073,142001525,26515,N,1,874,201909
20190802,20190802,73,164090073,142827446,26512,N,10,875,201909
20190802,20190802,73,164090073,143656616,26508,N,1,876,201909
20190802,20190802,73,164090073,144038335,26507,N,3,877,201909
20190802,20190802,73,164090073,144152484,26508,N,30,878,201909
20190802,20190802,73,164090073,144626301,26515,N,11,879,201909
20190802,20190802,73,164090073,145516834,26515,N,5,880,201909
20190802,20190802,73,164090073,145655883,26513,N,1,881,201909
