Trade_Date,Make_Date,Index_Type,Security_Code,Time,Trade_Price,Price_Type,Trade_Volume,No,Contract_Month
20190902,20190830,73,164090073,163001045,26413,O,8,1,201909
20190902,20190830,73,164090073,163624316,26388,N,1,2,201909
20190902,20190830,73,164090073,164425964,26389,N,1,3,201909
20190902,20190830,73,164090073,165009359,26424,N,1,4,201909
20190902,20190830,73,164090073,165030272,26431,N,1,5,201909
20190902,20190830,73,164090073,165037391,26430,N,2,6,201909
20190902,20190830,73,164090073,165053906,26427,N,10,7,201909
20190902,20190830,73,164090073,165101266,26428,N,11,8,201909
20190902,20190830,73,164090073,165104298,26426,N,10,9,201909
20190902,20190830,73,164090073,165104299,26421,N,10,10,201909
20190902,20190830,73,164090073,165107077,26431,N,10,11,201909
20190902,20190830,73,164090073,165107196,26429,N,10,12,201909
20190902,20190830,73,164090073,165125235,26431,N,11,13,201909
20190902,20190830,73,164090073,165133379,26433,N,1,14,201909
20190902,20190830,73,164090073,165134284,26428,N,10,15,201909
20190902,20190830,73,164090073,165134286,26430,N,10,16,201909
20190902,20190830,73,164090073,165143981,26427,N,11,17,201909
20190902,20190830,73,164090073,165155738,26425,N,10,18,201909
20190902,20190830,73,164090073,165241653,26430,N,1,19,201909
20190902,20190830,73,164090073,165309199,26425,N,1,20,201909
20190902,20190830,73,164090073,165317229,26427,N,4,21,201909
20190902,20190830,73,164090073,165403020,26422,N,10,22,201909
20190902,20190830,73,164090073,165414803,26418,N,11,23,201909
20190902,20190830,73,164090073,165447892,26420,N,10,24,201909
20190902,20190830,73,164090073,165447894,26424,N,10,25,201909
20190902,20190830,73,164090073,165526147,26432,N,2,26,201909
20190902,20190830,73,164090073,165536189,26428,N,11,27,201909
20190902,20190830,73,164090073,165538466,26436,N,10,28,201909
20190902,20190830,73,164090073,165603596,26425,N,10,29,201909
20190902,20190830,73,164090073,165651631,26437,N,10,30,201909
20190902,20190830,73,164090073,165658628,26433,N,10,31,201909
20190902,20190830,73,164090073,165707221,26429,N,10,32,201909
20190902,20190830,73,164090073,165744531,26440,N,10,33,201909
20190902,20190830,73,164090073,165744540,26433,N,10,34,201909
20190902,20190830,73,164090073,165744652,26441,N,8,35,201909
20190902,20190830,73,164090073,165745445,26434,N,11,36,201909
20190902,20190830,73,164090073,165810943,26435,N,10,37,201909
20190902,20190830,73,164090073,165810943,26439,N,10,38,201909
20190902,20190830,73,164090073,165811259,26438,N,10,39,201909
20190902,20190830,73,164090073,165811382,26434,N,10,40,201909
20190902,20190830,73,164090073,165817455,26441,N,10,41,201909
20190902,20190830,73,164090073,165825212,26441,N,10,42,201909
20190902,20190830,73,164090073,165840329,26441,N,10,43,201909
20190902,20190830,73,164090073,165840449,26440,N,6,44,201909
20190902,20190830,73,164090073,165901105,26438,N,1,45,201909
20190902,20190830,73,164090073,165919301,26441,N,10,46,201909
20190902,20190830,73,164090073,165933178,26441,N,1,47,201909
20190902,20190830,73,164090073,170001004,26443,N,3,48,201909
20190902,20190830,73,164090073,170014900,26440,N,20,49,201909
20190902,20190830,73,164090073,170014901,26444,N,10,50,201909
20190902,20190830,73,164090073,170014904,26438,N,10,51,201909
20190902,20190830,73,164090073,170018576,26439,N,10,52,201909
20190902,20190830,73,164090073,170018681,26443,N,10,53,201909
20190902,20190830,73,164090073,170031638,26445,N,10,54,201909
20190902,20190830,73,164090073,170031825,26446,N,10,55,201909
20190902,20190830,73,164090073,170034577,26439,N,10,56,201909
20190902,20190830,73,164090073,170206333,26432,N,10,57,201909
20190902,20190830,73,164090073,170928611,26441,N,10,58,201909
20190902,20190830,73,164090073,170933193,26447,N,1,59,201909
20190902,20190830,73,164090073,170943080,26448,N,9,60,201909
20190902,20190830,73,164090073,170943082,26449,N,10,61,201909
20190902,20190830,73,164090073,170943108,26450,N,10,62,201909
20190902,20190830,73,164090073,170943134,26450,N,2,63,201909
20190902,20190830,73,164090073,170945298,26445,N,10,64,201909
20190902,20190830,73,164090073,170945301,26444,N,11,65,201909
20190902,20190830,73,164090073,170946604,26451,N,10,66,201909
20190902,20190830,73,164090073,170946629,26446,N,10,67,201909
20190902,20190830,73,164090073,170946936,26447,N,10,68,201909
20190902,20190830,73,164090073,170949796,26448,N,10,69,201909
20190902,20190830,73,164090073,171025311,26444,N,10,70,201909
20190902,20190830,73,164090073,171122163,26439,N,10,71,201909
20190902,20190830,73,164090073,171131964,26444,N,10,72,201909
20190902,20190830,73,164090073,171144080,26444,N,10,73,201909
20190902,20190830,73,164090073,171144200,26443,N,10,74,201909
20190902,20190830,73,164090073,171202200,26443,N,1,75,201909
20190902,20190830,73,164090073,171206326,26443,N,1,76,201909
20190902,20190830,73,164090073,171221006,26444,N,3,77,201909
20190902,20190830,73,164090073,171227011,26447,N,8,78,201909
20190902,20190830,73,164090073,171228714,26448,N,10,79,201909
20190902,20190830,73,164090073,171234129,26445,N,10,80,201909
20190902,20190830,73,164090073,171234207,26449,N,10,81,201909
20190902,20190830,73,164090073,171304037,26451,N,1,82,201909
20190902,20190830,73,164090073,171332471,26448,N,5,83,201909
20190902,20190830,73,164090073,171332496,26443,N,10,84,201909
20190902,20190830,73,164090073,171332502,26447,N,10,85,201909
20190902,20190830,73,164090073,171340946,26445,N,10,86,201909
20190902,20190830,73,164090073,171343325,26449,N,10,87,201909
20190902,20190830,73,164090073,171404846,26439,N,10,88,201909
20190902,20190830,73,164090073,171407070,26446,N,10,89,201909
20190902,20190830,73,164090073,171418600,26437,N,10,90,201909
20190902,20190830,73,164090073,171423230,26435,N,10,91,201909
20190902,20190830,73,164090073,171507095,26436,N,10,92,201909
20190902,20190830,73,164090073,171507096,26440,N,10,93,201909
20190902,20190830,73,164090073,171507863,26443,N,10,94,201909
20190902,20190830,73,164090073,171508089,26442,N,6,95,201909
20190902,20190830,73,164090073,171508089,26442,N,4,96,201909
20190902,20190830,73,164090073,171508089,26441,N,2,97,201909
20190902,20190830,73,164090073,171543963,26440,N,10,98,201909
20190902,20190830,73,164090073,171545064,26446,N,10,99,201909
20190902,20190830,73,164090073,171642253,26448,N,10,100,201909
20190902,20190830,73,164090073,171642294,26452,N,10,101,201909
20190902,20190830,73,164090073,171708927,26449,N,11,102,201909
20190902,20190830,73,164090073,171738076,26450,N,11,103,201909
20190902,20190830,73,164090073,171905246,26451,N,10,104,201909
20190902,20190830,73,164090073,171905268,26450,N,3,105,201909
20190902,20190830,73,164090073,171906000,26449,N,1,106,201909
20190902,20190830,73,164090073,172006972,26449,N,5,107,201909
20190902,20190830,73,164090073,172032945,26451,N,10,108,201909
20190902,20190830,73,164090073,172102001,26447,N,10,109,201909
20190902,20190830,73,164090073,173220107,26444,N,2,110,201909
20190902,20190830,73,164090073,173704263,26446,N,10,111,201909
20190902,20190830,73,164090073,173907519,26458,N,10,112,201909
20190902,20190830,73,164090073,173938885,26455,N,1,113,201909
20190902,20190830,73,164090073,174008150,26456,N,1,114,201909
20190902,20190830,73,164090073,174028503,26455,N,1,115,201909
20190902,20190830,73,164090073,174530962,26455,N,1,116,201909
20190902,20190830,73,164090073,174705115,26461,N,1,117,201909
20190902,20190830,73,164090073,174854463,26474,N,10,118,201909
20190902,20190830,73,164090073,175007567,26474,N,2,119,201909
20190902,20190830,73,164090073,175051997,26470,N,1,120,201909
20190902,20190830,73,164090073,175208118,26477,N,1,121,201909
20190902,20190830,73,164090073,175249920,26481,N,10,122,201909
20190902,20190830,73,164090073,175249921,26483,N,10,123,201909
20190902,20190830,73,164090073,175250090,26484,N,10,124,201909
20190902,20190830,73,164090073,175317054,26500,N,5,125,201909
20190902,20190830,73,164090073,175317055,26505,N,1,126,201909
20190902,20190830,73,164090073,175317055,26511,N,9,127,201909
20190902,20190830,73,164090073,175317055,26511,N,1,128,201909
20190902,20190830,73,164090073,175317056,26520,N,1,129,201909
20190902,20190830,73,164090073,175603310,26484,N,3,130,201909
20190902,20190830,73,164090073,175621402,26488,N,4,131,201909
20190902,20190830,73,164090073,175802505,26490,N,1,132,201909
20190902,20190830,73,164090073,180000232,26494,N,1,133,201909
20190902,20190830,73,164090073,180231948,26491,N,1,134,201909
20190902,20190830,73,164090073,180523814,26490,N,1,135,201909
20190902,20190830,73,164090073,181159410,26504,N,1,136,201909
20190902,20190830,73,164090073,181201462,26509,N,1,137,201909
20190902,20190830,73,164090073,181203023,26508,N,1,138,201909
20190902,20190830,73,164090073,181204954,26509,N,1,139,201909
20190902,20190830,73,164090073,181206442,26509,N,1,140,201909
20190902,20190830,73,164090073,181241765,26511,N,11,141,201909
20190902,20190830,73,164090073,181243437,26512,N,11,142,201909
20190902,20190830,73,164090073,181246745,26512,N,11,143,201909
20190902,20190830,73,164090073,181246847,26512,N,11,144,201909
20190902,20190830,73,164090073,181246948,26512,N,11,145,201909
20190902,20190830,73,164090073,181247048,26512,N,11,146,201909
20190902,20190830,73,164090073,181247251,26512,N,11,147,201909
20190902,20190830,73,164090073,181247555,26512,N,11,148,201909
20190902,20190830,73,164090073,181300607,26512,N,4,149,201909
20190902,20190830,73,164090073,181314928,26512,N,8,150,201909
20190902,20190830,73,164090073,181343451,26513,N,1,151,201909
20190902,20190830,73,164090073,181821616,26508,N,2,152,201909
20190902,20190830,73,164090073,182230109,26507,N,2,153,201909
20190902,20190830,73,164090073,182255515,26510,N,4,154,201909
20190902,20190830,73,164090073,183038663,26517,N,1,155,201909
20190902,20190830,73,164090073,183111659,26519,N,1,156,201909
20190902,20190830,73,164090073,183713141,26511,N,10,157,201909
20190902,20190830,73,164090073,185130944,26517,N,4,158,201909
20190902,20190830,73,164090073,185258961,26520,N,1,159,201909
20190902,20190830,73,164090073,185322390,26520,N,3,160,201909
20190902,20190830,73,164090073,185340408,26530,N,1,161,201909
20190902,20190830,73,164090073,185433703,26528,N,1,162,201909
20190902,20190830,73,164090073,185635314,26534,N,1,163,201909
20190902,20190830,73,164090073,185650756,26538,N,1,164,201909
20190902,20190830,73,164090073,185748779,26541,N,1,165,201909
20190902,20190830,73,164090073,185811925,26540,N,1,166,201909
20190902,20190830,73,164090073,185813488,26541,N,1,167,201909
20190902,20190830,73,164090073,185814562,26542,N,1,168,201909
20190902,20190830,73,164090073,190316596,26532,N,1,169,201909
20190902,20190830,73,164090073,190607012,26525,N,1,170,201909
20190902,20190830,73,164090073,190844496,26533,N,1,171,201909
20190902,20190830,73,164090073,191539392,26527,N,1,172,201909
20190902,20190830,73,164090073,191808131,26526,N,1,173,201909
20190902,20190830,73,164090073,192302444,26516,N,1,174,201909
20190902,20190830,73,164090073,192930454,26530,N,1,175,201909
20190902,20190830,73,164090073,193120272,26523,N,1,176,201909
20190902,20190830,73,164090073,194258846,26537,N,1,177,201909
20190902,20190830,73,164090073,194529494,26535,N,1,178,201909
20190902,20190830,73,164090073,195210304,26536,N,1,179,201909
20190902,20190830,73,164090073,195247593,26538,N,2,180,201909
20190902,20190830,73,164090073,195859913,26529,N,1,181,201909
20190902,20190830,73,164090073,200225751,26540,N,3,182,201909
20190902,20190830,73,164090073,202020679,26512,N,1,183,201909
20190902,20190830,73,164090073,202545975,26503,N,10,184,201909
20190902,20190830,73,164090073,202545975,26502,N,21,185,201909
20190902,20190830,73,164090073,202545975,26500,N,9,186,201909
20190902,20190830,73,164090073,202547198,26502,N,1,187,201909
20190902,20190830,73,164090073,202836936,26500,N,5,188,201909
20190902,20190830,73,164090073,202836952,26500,N,11,189,201909
20190902,20190830,73,164090073,203028073,26495,N,3,190,201909
20190902,20190830,73,164090073,203029028,26495,N,4,191,201909
20190902,20190830,73,164090073,203029236,26495,N,3,192,201909
20190902,20190830,73,164090073,203029236,26494,N,1,193,201909
20190902,20190830,73,164090073,203154819,26499,N,10,194,201909
20190902,20190830,73,164090073,203220101,26490,N,2,195,201909
20190902,20190830,73,164090073,203353037,26500,N,1,196,201909
20190902,20190830,73,164090073,203751840,26508,N,5,197,201909
20190902,20190830,73,164090073,203752065,26508,N,1,198,201909
20190902,20190830,73,164090073,204830147,26505,N,1,199,201909
20190902,20190830,73,164090073,205832565,26524,N,1,200,201909
20190902,20190830,73,164090073,210509312,26514,N,1,201,201909
20190902,20190830,73,164090073,210742520,26510,N,1,202,201909
20190902,20190830,73,164090073,211411246,26505,N,4,203,201909
20190902,20190830,73,164090073,211655180,26504,N,3,204,201909
20190902,20190830,73,164090073,211830982,26510,N,1,205,201909
20190902,20190830,73,164090073,212555902,26501,N,1,206,201909
20190902,20190830,73,164090073,214541450,26509,N,1,207,201909
20190902,20190830,73,164090073,215933116,26510,N,2,208,201909
20190902,20190830,73,164090073,220001709,26507,N,1,209,201909
20190902,20190830,73,164090073,220602980,26500,N,1,210,201909
20190902,20190830,73,164090073,220839833,26505,N,9,211,201909
20190902,20190830,73,164090073,221027143,26506,N,1,212,201909
20190902,20190830,73,164090073,221429282,26500,N,1,213,201909
20190902,20190830,73,164090073,221528971,26498,N,5,214,201909
20190902,20190830,73,164090073,222337583,26501,N,1,215,201909
20190902,20190830,73,164090073,222449557,26491,N,4,216,201909
20190902,20190830,73,164090073,222449557,26490,N,3,217,201909
20190902,20190830,73,164090073,222449558,26487,N,3,218,201909
20190902,20190830,73,164090073,222624201,26485,N,1,219,201909
20190902,20190830,73,164090073,222637675,26488,N,1,220,201909
20190902,20190830,73,164090073,222857930,26482,N,1,221,201909
20190902,20190830,73,164090073,222931435,26484,N,1,222,201909
20190902,20190830,73,164090073,222931475,26485,N,1,223,201909
20190902,20190830,73,164090073,223038012,26495,N,1,224,201909
20190902,20190830,73,164090073,223112546,26483,N,1,225,201909
20190902,20190830,73,164090073,223120962,26480,N,15,226,201909
20190902,20190830,73,164090073,223122573,26477,N,1,227,201909
20190902,20190830,73,164090073,223137394,26477,N,1,228,201909
20190902,20190830,73,164090073,223159004,26479,N,1,229,201909
20190902,20190830,73,164090073,223333033,26490,N,1,230,201909
20190902,20190830,73,164090073,223356351,26487,N,1,231,201909
20190902,20190830,73,164090073,223548342,26493,N,4,232,201909
20190902,20190830,73,164090073,223614712,26485,N,1,233,201909
20190902,20190830,73,164090073,223705942,26486,N,1,234,201909
20190902,20190830,73,164090073,224138512,26471,N,1,235,201909
20190902,20190830,73,164090073,224211806,26470,N,1,236,201909
20190902,20190830,73,164090073,224235297,26470,N,1,237,201909
20190902,20190830,73,164090073,224324713,26465,N,1,238,201909
20190902,20190830,73,164090073,224550817,26460,N,3,239,201909
20190902,20190830,73,164090073,224707745,26468,N,1,240,201909
20190902,20190830,73,164090073,224800337,26461,N,10,241,201909
20190902,20190830,73,164090073,224812649,26462,N,3,242,201909
20190902,20190830,73,164090073,225005724,26450,N,5,243,201909
20190902,20190830,73,164090073,225005724,26448,N,3,244,201909
20190902,20190830,73,164090073,225011985,26449,N,10,245,201909
20190902,20190830,73,164090073,225108404,26465,N,1,246,201909
20190902,20190830,73,164090073,225233207,26461,N,6,247,201909
20190902,20190830,73,164090073,225407733,26470,N,1,248,201909
20190902,20190830,73,164090073,225744620,26459,N,1,249,201909
20190902,20190830,73,164090073,225746928,26463,N,3,250,201909
20190902,20190830,73,164090073,225755571,26459,N,1,251,201909
20190902,20190830,73,164090073,225811638,26459,N,1,252,201909
20190902,20190830,73,164090073,225910586,26452,N,10,253,201909
20190902,20190830,73,164090073,230033339,26465,N,1,254,201909
20190902,20190830,73,164090073,230211266,26482,N,2,255,201909
20190902,20190830,73,164090073,230236164,26496,N,1,256,201909
20190902,20190830,73,164090073,230904152,26500,N,2,257,201909
20190902,20190830,73,164090073,230925394,26510,N,1,258,201909
20190902,20190830,73,164090073,231110041,26495,N,1,259,201909
20190902,20190830,73,164090073,231256039,26489,N,1,260,201909
20190902,20190830,73,164090073,231256997,26489,N,1,261,201909
20190902,20190830,73,164090073,231257758,26489,N,1,262,201909
20190902,20190830,73,164090073,231258295,26488,N,1,263,201909
20190902,20190830,73,164090073,231258931,26488,N,1,264,201909
20190902,20190830,73,164090073,231736983,26476,N,1,265,201909
20190902,20190830,73,164090073,231739620,26476,N,4,266,201909
20190902,20190830,73,164090073,231820913,26465,N,1,267,201909
20190902,20190830,73,164090073,231920735,26465,N,2,268,201909
20190902,20190830,73,164090073,232028059,26464,N,1,269,201909
20190902,20190830,73,164090073,232039282,26448,N,10,270,201909
20190902,20190830,73,164090073,232039284,26443,N,11,271,201909
20190902,20190830,73,164090073,232237994,26440,N,2,272,201909
20190902,20190830,73,164090073,232332519,26447,N,1,273,201909
20190902,20190830,73,164090073,232344733,26448,N,1,274,201909
20190902,20190830,73,164090073,232402057,26445,N,6,275,201909
20190902,20190830,73,164090073,232521249,26455,N,5,276,201909
20190902,20190830,73,164090073,232630495,26455,N,2,277,201909
20190902,20190830,73,164090073,232741306,26451,N,1,278,201909
20190902,20190830,73,164090073,232803839,26445,N,1,279,201909
20190902,20190830,73,164090073,233446198,26465,N,1,280,201909
20190902,20190830,73,164090073,233537761,26464,N,1,281,201909
20190902,20190830,73,164090073,234158239,26450,N,1,282,201909
20190902,20190830,73,164090073,234548230,26445,N,5,283,201909
20190902,20190830,73,164090073,234945561,26465,N,5,284,201909
20190902,20190830,73,164090073,235331992,26441,N,2,285,201909
20190902,20190830,73,164090073,235345378,26443,N,2,286,201909
20190902,20190830,73,164090073,235719298,26452,N,1,287,201909
20190902,20190830,73,164090073,000019783,26435,N,2,288,201909
20190902,20190830,73,164090073,000048674,26420,N,1,289,201909
20190902,20190830,73,164090073,000105267,26415,N,4,290,201909
20190902,20190830,73,164090073,000136852,26409,N,3,291,201909
20190902,20190830,73,164090073,000137104,26409,N,1,292,201909
20190902,20190830,73,164090073,000221087,26415,N,2,293,201909
20190902,20190830,73,164090073,000240851,26400,N,1,294,201909
20190902,20190830,73,164090073,000250964,26401,N,5,295,201909
20190902,20190830,73,164090073,000327016,26390,N,5,296,201909
20190902,20190830,73,164090073,000441083,26381,N,1,297,201909
20190902,20190830,73,164090073,000442044,26380,N,11,298,201909
20190902,20190830,73,164090073,000442044,26379,N,10,299,201909
20190902,20190830,73,164090073,000442044,26378,N,3,300,201909
20190902,20190830,73,164090073,000448583,26378,N,1,301,201909
20190902,20190830,73,164090073,000624627,26400,N,1,302,201909
20190902,20190830,73,164090073,000823167,26400,N,1,303,201909
20190902,20190830,73,164090073,000836165,26398,N,2,304,201909
20190902,20190830,73,164090073,000854160,26397,N,2,305,201909
20190902,20190830,73,164090073,000955369,26381,N,1,306,201909
20190902,20190830,73,164090073,001057917,26385,N,2,307,201909
20190902,20190830,73,164090073,001105388,26380,N,3,308,201909
20190902,20190830,73,164090073,001303132,26351,N,3,309,201909
20190902,20190830,73,164090073,001308650,26350,N,11,310,201909
20190902,20190830,73,164090073,001309142,26350,N,5,311,201909
20190902,20190830,73,164090073,001340878,26339,N,1,312,201909
20190902,20190830,73,164090073,001340879,26341,N,1,313,201909
20190902,20190830,73,164090073,001348681,26341,N,1,314,201909
20190902,20190830,73,164090073,001448604,26353,N,1,315,201909
20190902,20190830,73,164090073,001448885,26352,N,1,316,201909
20190902,20190830,73,164090073,001449045,26352,N,1,317,201909
20190902,20190830,73,164090073,001519664,26352,N,1,318,201909
20190902,20190830,73,164090073,001837158,26314,N,1,319,201909
20190902,20190830,73,164090073,001847004,26310,N,6,320,201909
20190902,20190830,73,164090073,001903936,26304,N,10,321,201909
20190902,20190830,73,164090073,001912683,26303,N,2,322,201909
20190902,20190830,73,164090073,001942436,26313,N,2,323,201909
20190902,20190830,73,164090073,002053752,26320,N,5,324,201909
20190902,20190830,73,164090073,002054453,26320,N,5,325,201909
20190902,20190830,73,164090073,002054891,26320,N,10,326,201909
20190902,20190830,73,164090073,002234079,26315,N,5,327,201909
20190902,20190830,73,164090073,002234203,26315,N,10,328,201909
20190902,20190830,73,164090073,002248014,26313,N,3,329,201909
20190902,20190830,73,164090073,002358402,26315,N,21,330,201909
20190902,20190830,73,164090073,002358525,26315,N,19,331,201909
20190902,20190830,73,164090073,002402857,26310,N,2,332,201909
20190902,20190830,73,164090073,002411957,26306,N,2,333,201909
20190902,20190830,73,164090073,002425445,26303,N,5,334,201909
20190902,20190830,73,164090073,002509401,26300,N,4,335,201909
20190902,20190830,73,164090073,002509402,26296,N,10,336,201909
20190902,20190830,73,164090073,002534514,26299,N,1,337,201909
20190902,20190830,73,164090073,002543441,26294,N,1,338,201909
20190902,20190830,73,164090073,002550247,26290,N,1,339,201909
20190902,20190830,73,164090073,002550247,26288,N,3,340,201909
20190902,20190830,73,164090073,002622203,26298,N,1,341,201909
20190902,20190830,73,164090073,002645080,26300,N,5,342,201909
20190902,20190830,73,164090073,002645676,26300,N,5,343,201909
20190902,20190830,73,164090073,002645827,26300,N,10,344,201909
20190902,20190830,73,164090073,002705758,26307,N,2,345,201909
20190902,20190830,73,164090073,002823051,26314,N,12,346,201909
20190902,20190830,73,164090073,002938414,26315,N,2,347,201909
20190902,20190830,73,164090073,003022778,26320,N,5,348,201909
20190902,20190830,73,164090073,003022902,26320,N,25,349,201909
20190902,20190830,73,164090073,003108189,26340,N,3,350,201909
20190902,20190830,73,164090073,003242755,26347,N,2,351,201909
20190902,20190830,73,164090073,003243151,26353,N,3,352,201909
20190902,20190830,73,164090073,003317567,26355,N,1,353,201909
20190902,20190830,73,164090073,003353720,26371,N,1,354,201909
20190902,20190830,73,164090073,003445173,26373,N,1,355,201909
20190902,20190830,73,164090073,003525680,26377,N,1,356,201909
20190902,20190830,73,164090073,003556259,26379,N,1,357,201909
20190902,20190830,73,164090073,003602730,26384,N,1,358,201909
20190902,20190830,73,164090073,003707963,26363,N,1,359,201909
20190902,20190830,73,164090073,003721506,26365,N,5,360,201909
20190902,20190830,73,164090073,003721630,26365,N,10,361,201909
20190902,20190830,73,164090073,004250074,26363,N,21,362,201909
20190902,20190830,73,164090073,004250474,26363,N,10,363,201909
20190902,20190830,73,164090073,004250482,26363,N,11,364,201909
20190902,20190830,73,164090073,004250484,26363,N,10,365,201909
20190902,20190830,73,164090073,004301676,26363,N,11,366,201909
20190902,20190830,73,164090073,004303407,26363,N,11,367,201909
20190902,20190830,73,164090073,004303763,26363,N,11,368,201909
20190902,20190830,73,164090073,004303768,26363,N,10,369,201909
20190902,20190830,73,164090073,004309382,26363,N,5,370,201909
20190902,20190830,73,164090073,004324535,26367,N,1,371,201909
20190902,20190830,73,164090073,004407345,26376,N,1,372,201909
20190902,20190830,73,164090073,004501356,26376,N,20,373,201909
20190902,20190830,73,164090073,004732277,26391,N,4,374,201909
20190902,20190830,73,164090073,004753709,26392,N,3,375,201909
20190902,20190830,73,164090073,004812682,26396,N,1,376,201909
20190902,20190830,73,164090073,004938749,26400,N,2,377,201909
20190902,20190830,73,164090073,005040128,26395,N,2,378,201909
20190902,20190830,73,164090073,005046819,26390,N,9,379,201909
20190902,20190830,73,164090073,005203537,26395,N,1,380,201909
20190902,20190830,73,164090073,005223385,26388,N,1,381,201909
20190902,20190830,73,164090073,005322562,26389,N,5,382,201909
20190902,20190830,73,164090073,005435475,26377,N,4,383,201909
20190902,20190830,73,164090073,005624040,26360,N,3,384,201909
20190902,20190830,73,164090073,005638166,26364,N,3,385,201909
20190902,20190830,73,164090073,005840488,26375,N,1,386,201909
20190902,20190830,73,164090073,010129266,26370,N,2,387,201909
20190902,20190830,73,164090073,010237933,26359,N,2,388,201909
20190902,20190830,73,164090073,010409483,26369,N,1,389,201909
20190902,20190830,73,164090073,010417396,26372,N,1,390,201909
20190902,20190830,73,164090073,010420266,26373,N,1,391,201909
20190902,20190830,73,164090073,010830926,26368,N,1,392,201909
20190902,20190830,73,164090073,011111219,26380,N,1,393,201909
20190902,20190830,73,164090073,011254763,26389,N,20,394,201909
20190902,20190830,73,164090073,011254765,26403,N,1,395,201909
20190902,20190830,73,164090073,011408769,26387,N,1,396,201909
20190902,20190830,73,164090073,011813603,26394,N,3,397,201909
20190902,20190830,73,164090073,011835779,26397,N,3,398,201909
20190902,20190830,73,164090073,012243821,26397,N,4,399,201909
20190902,20190830,73,164090073,012439900,26393,N,4,400,201909
20190902,20190830,73,164090073,013033762,26398,N,1,401,201909
20190902,20190830,73,164090073,013327958,26400,N,1,402,201909
20190902,20190830,73,164090073,013344256,26405,N,1,403,201909
20190902,20190830,73,164090073,013347405,26410,N,1,404,201909
20190902,20190830,73,164090073,013438606,26410,N,1,405,201909
20190902,20190830,73,164090073,014100121,26410,N,2,406,201909
20190902,20190830,73,164090073,014246093,26415,N,1,407,201909
20190902,20190830,73,164090073,014334650,26421,N,1,408,201909
20190902,20190830,73,164090073,014501272,26420,N,1,409,201909
20190902,20190830,73,164090073,014514883,26423,N,1,410,201909
20190902,20190830,73,164090073,015223358,26400,N,2,411,201909
20190902,20190830,73,164090073,015813954,26419,N,2,412,201909
20190902,20190830,73,164090073,015901054,26425,N,5,413,201909
20190902,20190830,73,164090073,020015864,26425,N,1,414,201909
20190902,20190830,73,164090073,020019137,26426,N,1,415,201909
20190902,20190830,73,164090073,020122460,26425,N,1,416,201909
20190902,20190830,73,164090073,020531408,26405,N,2,417,201909
20190902,20190830,73,164090073,020711697,26395,N,5,418,201909
20190902,20190830,73,164090073,021001062,26399,N,1,419,201909
20190902,20190830,73,164090073,021052098,26392,N,3,420,201909
20190902,20190830,73,164090073,021109801,26390,N,3,421,201909
20190902,20190830,73,164090073,022247279,26395,N,2,422,201909
20190902,20190830,73,164090073,022427105,26379,N,4,423,201909
20190902,20190830,73,164090073,022435791,26377,N,4,424,201909
20190902,20190830,73,164090073,023219173,26383,N,1,425,201909
20190902,20190830,73,164090073,023554316,26375,N,11,426,201909
20190902,20190830,73,164090073,023601230,26376,N,5,427,201909
20190902,20190830,73,164090073,023601232,26375,N,11,428,201909
20190902,20190830,73,164090073,023603652,26375,N,9,429,201909
20190902,20190830,73,164090073,024402230,26360,N,11,430,201909
20190902,20190830,73,164090073,024402631,26360,N,9,431,201909
20190902,20190830,73,164090073,025624669,26363,N,1,432,201909
20190902,20190830,73,164090073,030140846,26384,N,3,433,201909
20190902,20190830,73,164090073,030157660,26383,N,3,434,201909
20190902,20190830,73,164090073,030231073,26385,N,2,435,201909
20190902,20190830,73,164090073,030325583,26381,N,1,436,201909
20190902,20190830,73,164090073,030357313,26381,N,1,437,201909
20190902,20190830,73,164090073,030402567,26382,N,1,438,201909
20190902,20190830,73,164090073,030543268,26380,N,1,439,201909
20190902,20190830,73,164090073,032537572,26395,N,1,440,201909
20190902,20190830,73,164090073,034119684,26365,N,10,441,201909
20190902,20190830,73,164090073,034210557,26355,N,1,442,201909
20190902,20190830,73,164090073,034332486,26364,N,1,443,201909
20190902,20190830,73,164090073,035049871,26342,N,1,444,201909
20190902,20190830,73,164090073,035336534,26338,N,4,445,201909
20190902,20190830,73,164090073,035336536,26335,N,1,446,201909
20190902,20190830,73,164090073,035336536,26332,N,8,447,201909
20190902,20190830,73,164090073,035336867,26333,N,1,448,201909
20190902,20190830,73,164090073,035408808,26339,N,1,449,201909
20190902,20190830,73,164090073,040146747,26339,N,5,450,201909
20190902,20190830,73,164090073,040745766,26344,N,1,451,201909
20190902,20190830,73,164090073,040745766,26341,N,3,452,201909
20190902,20190830,73,164090073,040807047,26342,N,1,453,201909
20190902,20190830,73,164090073,040807047,26345,N,2,454,201909
20190902,20190830,73,164090073,041100407,26337,N,1,455,201909
20190902,20190830,73,164090073,041213566,26328,N,1,456,201909
20190902,20190830,73,164090073,041213566,26330,N,1,457,201909
20190902,20190830,73,164090073,041453988,26332,N,1,458,201909
20190902,20190830,73,164090073,041614828,26320,N,22,459,201909
20190902,20190830,73,164090073,041617377,26320,N,8,460,201909
20190902,20190830,73,164090073,042505206,26337,N,1,461,201909
20190902,20190830,73,164090073,043026474,26367,N,1,462,201909
20190902,20190830,73,164090073,043031216,26371,N,10,463,201909
20190902,20190830,73,164090073,043032176,26371,N,1,464,201909
20190902,20190830,73,164090073,043058993,26382,N,1,465,201909
20190902,20190830,73,164090073,043244365,26382,N,1,466,201909
20190902,20190830,73,164090073,044605233,26373,N,1,467,201909
20190902,20190830,73,164090073,044605233,26375,N,1,468,201909
20190902,20190830,73,164090073,045003806,26388,N,11,469,201909
20190902,20190830,73,164090073,045325958,26386,N,1,470,201909
20190902,20190830,73,164090073,045400280,26388,N,10,471,201909
20190902,20190830,73,164090073,045423320,26382,N,1,472,201909
20190902,20190830,73,164090073,045423320,26378,N,9,473,201909
20190902,20190830,73,164090073,045458503,26388,N,1,474,201909
20190902,20190830,73,164090073,045458503,26386,N,5,475,201909
20190902,20190830,73,164090073,045500346,26410,N,10,476,201909
20190902,20190830,73,164090073,045521696,26416,N,10,477,201909
20190902,20190830,73,164090073,045525399,26420,N,22,478,201909
20190902,20190830,73,164090073,045540840,26420,N,13,479,201909
20190902,20190830,73,164090073,045712076,26416,N,1,480,201909
20190902,20190830,73,164090073,045823489,26400,N,1,481,201909
20190902,20190830,73,164090073,045850760,26415,N,1,482,201909
20190902,20190830,73,164090073,050000106,26381,N,10,483,201909
20190902,20190830,73,164090073,050000576,26383,N,10,484,201909
20190902,20190830,73,164090073,050002417,26363,N,5,485,201909
20190902,20190830,73,164090073,050002885,26371,N,10,486,201909
20190902,20190830,73,164090073,050003520,26360,N,1,487,201909
20190902,20190830,73,164090073,050009061,26362,N,10,488,201909
20190902,20190830,73,164090073,050722969,26379,N,1,489,201909
20190902,20190830,73,164090073,051004764,26363,N,1,490,201909
20190902,20190830,73,164090073,051134324,26370,N,1,491,201909
20190902,20190830,73,164090073,051211260,26366,N,1,492,201909
20190902,20190830,73,164090073,052145876,26379,N,1,493,201909
20190902,20190830,73,164090073,052303000,26390,N,1,494,201909
20190902,20190830,73,164090073,052308485,26390,N,1,495,201909
20190902,20190830,73,164090073,053001020,26390,E,6,496,201909
20190902,20190902,73,164090073,084501051,26279,O,19,497,201909
20190902,20190902,73,164090073,084501094,26279,N,8,498,201909
20190902,20190902,73,164090073,084501094,26277,N,4,499,201909
20190902,20190902,73,164090073,084546087,26280,N,1,500,201909
20190902,20190902,73,164090073,084546087,26281,N,1,501,201909
20190902,20190902,73,164090073,084634910,26275,N,1,502,201909
20190902,20190902,73,164090073,084656811,26280,N,1,503,201909
20190902,20190902,73,164090073,084720176,26291,N,10,504,201909
20190902,20190902,73,164090073,085129777,26272,N,2,505,201909
20190902,20190902,73,164090073,085308991,26275,N,10,506,201909
20190902,20190902,73,164090073,085351189,26272,N,1,507,201909
20190902,20190902,73,164090073,090115214,26283,N,3,508,201909
20190902,20190902,73,164090073,090126220,26280,N,1,509,201909
20190902,20190902,73,164090073,090134565,26275,N,1,510,201909
20190902,20190902,73,164090073,090142554,26276,N,1,511,201909
20190902,20190902,73,164090073,090150599,26276,N,1,512,201909
20190902,20190902,73,164090073,090325641,26284,N,10,513,201909
20190902,20190902,73,164090073,090333275,26286,N,1,514,201909
20190902,20190902,73,164090073,090633101,26276,N,1,515,201909
20190902,20190902,73,164090073,090743196,26278,N,5,516,201909
20190902,20190902,73,164090073,091031090,26277,N,2,517,201909
20190902,20190902,73,164090073,091622535,26290,N,6,518,201909
20190902,20190902,73,164090073,091643937,26291,N,1,519,201909
20190902,20190902,73,164090073,091844294,26294,N,3,520,201909
20190902,20190902,73,164090073,091902994,26295,N,3,521,201909
20190902,20190902,73,164090073,091904324,26295,N,5,522,201909
20190902,20190902,73,164090073,092258731,26302,N,4,523,201909
20190902,20190902,73,164090073,093346941,26284,N,3,524,201909
20190902,20190902,73,164090073,093404691,26282,N,3,525,201909
20190902,20190902,73,164090073,093406713,26289,N,1,526,201909
20190902,20190902,73,164090073,093801342,26271,N,3,527,201909
20190902,20190902,73,164090073,093815935,26268,N,4,528,201909
20190902,20190902,73,164090073,094432377,26280,N,40,529,201909
20190902,20190902,73,164090073,095052903,26280,N,2,530,201909
20190902,20190902,73,164090073,095616649,26273,N,10,531,201909
20190902,20190902,73,164090073,095622280,26270,N,1,532,201909
20190902,20190902,73,164090073,100011110,26278,N,1,533,201909
20190902,20190902,73,164090073,101155953,26288,N,1,534,201909
20190902,20190902,73,164090073,101325349,26290,N,3,535,201909
20190902,20190902,73,164090073,101652729,26300,N,1,536,201909
20190902,20190902,73,164090073,101919406,26310,N,3,537,201909
20190902,20190902,73,164090073,101936890,26313,N,3,538,201909
20190902,20190902,73,164090073,101951752,26317,N,1,539,201909
20190902,20190902,73,164090073,102557759,26311,N,1,540,201909
20190902,20190902,73,164090073,103125038,26320,N,1,541,201909
20190902,20190902,73,164090073,104232783,26322,N,1,542,201909
20190902,20190902,73,164090073,104351646,26325,N,1,543,201909
20190902,20190902,73,164090073,104445022,26318,N,1,544,201909
20190902,20190902,73,164090073,104500112,26323,N,10,545,201909
20190902,20190902,73,164090073,104519293,26340,N,9,546,201909
20190902,20190902,73,164090073,104540996,26339,N,7,547,201909
20190902,20190902,73,164090073,111544418,26330,N,1,548,201909
20190902,20190902,73,164090073,111857813,26321,N,1,549,201909
20190902,20190902,73,164090073,112151463,26333,N,1,550,201909
20190902,20190902,73,164090073,112157179,26332,N,1,551,201909
20190902,20190902,73,164090073,112223704,26332,N,1,552,201909
20190902,20190902,73,164090073,112249216,26333,N,1,553,201909
20190902,20190902,73,164090073,112827222,26332,N,10,554,201909
20190902,20190902,73,164090073,114117692,26306,N,3,555,201909
20190902,20190902,73,164090073,114148279,26303,N,3,556,201909
20190902,20190902,73,164090073,114248896,26300,N,1,557,201909
20190902,20190902,73,164090073,115937398,26281,N,1,558,201909
20190902,20190902,73,164090073,115940867,26280,N,1,559,201909
20190902,20190902,73,164090073,120000967,26275,N,1,560,201909
20190902,20190902,73,164090073,120111579,26266,N,1,561,201909
20190902,20190902,73,164090073,120357058,26270,N,1,562,201909
20190902,20190902,73,164090073,120458875,26270,N,1,563,201909
20190902,20190902,73,164090073,120459191,26269,N,1,564,201909
20190902,20190902,73,164090073,121740594,26286,N,1,565,201909
20190902,20190902,73,164090073,122054186,26290,N,1,566,201909
20190902,20190902,73,164090073,124153126,26288,N,1,567,201909
20190902,20190902,73,164090073,131408167,26310,N,1,568,201909
20190902,20190902,73,164090073,131809461,26304,N,1,569,201909
20190902,20190902,73,164090073,134113797,26315,N,3,570,201909
20190902,20190902,73,164090073,134144511,26316,N,3,571,201909
20190902,20190902,73,164090073,135126391,26297,N,3,572,201909
20190902,20190902,73,164090073,135146781,26297,N,3,573,201909
20190902,20190902,73,164090073,141713142,26301,N,5,574,201909
20190902,20190902,73,164090073,143511573,26325,N,3,575,201909
20190902,20190902,73,164090073,145604639,26310,N,10,576,201909
20190902,20190902,73,164090073,145853616,26300,N,10,577,201909
20190902,20190902,73,164090073,151501009,26298,E,1,578,201909
20190902,20190830,73,164120073,180001271,26420,O,1,579,201912
20190902,20190830,73,164120073,185650214,26435,N,1,580,201912
20190902,20190830,73,164120073,192714052,26423,N,1,581,201912
20190902,20190830,73,164120073,222816774,26401,N,1,582,201912
20190902,20190830,73,164120073,223259949,26449,N,1,583,201912
20190902,20190830,73,164120073,223323089,26448,N,1,584,201912
20190902,20190830,73,164120073,223323089,26450,N,1,585,201912
20190902,20190830,73,164120073,223343885,26448,N,1,586,201912
20190902,20190830,73,164120073,223633805,26447,N,1,587,201912
20190902,20190830,73,164120073,002516332,26245,N,3,588,201912
20190902,20190830,73,164120073,011635721,26000,N,1,589,201912
20190902,20190830,73,164120073,011635722,26000,N,1,590,201912
20190902,20190830,73,164120073,014334564,26000,N,1,591,201912
20190902,20190830,73,164120073,023055105,26300,N,1,592,201912
20190902,20190830,73,164120073,030101019,26300,N,5,593,201912
20190902,20190830,73,164120073,030101145,26300,N,32,594,201912
20190902,20190830,73,164120073,030108405,26300,N,12,595,201912
20190902,20190830,73,164120073,030111432,26300,N,1,596,201912
20190902,20190830,73,164120073,045521309,26330,N,1,597,201912
20190902,20190830,73,164120073,045540844,26339,N,1,598,201912
20190902,20190830,73,164120073,045556538,26350,E,1,599,201912
20190902,20190902,73,164120073,110400016,26277,O,1,600,201912
20190902,20190902,73,164120073,110400016,26288,N,1,601,201912
20190902,20190902,73,164120073,110400016,26300,N,1,602,201912
20190902,20190902,73,164120073,110400016,26320,E,1,603,201912
20190903,20190902,73,164090073,163001046,26319,O,8,1,201909
20190903,20190902,73,164090073,164812102,26290,N,1,2,201909
20190903,20190902,73,164090073,165501274,26270,N,2,3,201909
20190903,20190902,73,164090073,170302143,26279,N,1,4,201909
20190903,20190902,73,164090073,170319292,26281,N,1,5,201909
20190903,20190902,73,164090073,170324569,26280,N,1,6,201909
20190903,20190902,73,164090073,171001819,26258,N,5,7,201909
20190903,20190902,73,164090073,184955521,26292,N,5,8,201909
20190903,20190902,73,164090073,185054681,26294,N,1,9,201909
20190903,20190902,73,164090073,191819755,26310,N,1,10,201909
20190903,20190902,73,164090073,192227128,26321,N,5,11,201909
20190903,20190902,73,164090073,192503340,26320,N,1,12,201909
20190903,20190902,73,164090073,192703127,26330,N,1,13,201909
20190903,20190902,73,164090073,192703128,26337,N,1,14,201909
20190903,20190902,73,164090073,193309375,26337,N,1,15,201909
20190903,20190902,73,164090073,193445731,26345,N,1,16,201909
20190903,20190902,73,164090073,194257462,26370,N,1,17,201909
20190903,20190902,73,164090073,194257463,26370,N,1,18,201909
20190903,20190902,73,164090073,194625217,26354,N,1,19,201909
20190903,20190902,73,164090073,194830955,26355,N,2,20,201909
20190903,20190902,73,164090073,194949561,26348,N,1,21,201909
20190903,20190902,73,164090073,194949708,26348,N,1,22,201909
20190903,20190902,73,164090073,195056723,26350,N,1,23,201909
20190903,20190902,73,164090073,195803563,26345,N,5,24,201909
20190903,20190902,73,164090073,195803563,26343,N,6,25,201909
20190903,20190902,73,164090073,201239812,26334,N,2,26,201909
20190903,20190902,73,164090073,202018196,26334,N,8,27,201909
20190903,20190902,73,164090073,202028634,26334,N,2,28,201909
20190903,20190902,73,164090073,202500849,26328,N,1,29,201909
20190903,20190902,73,164090073,203045255,26320,N,8,30,201909
20190903,20190902,73,164090073,203046143,26319,N,5,31,201909
20190903,20190902,73,164090073,203203726,26320,N,2,32,201909
20190903,20190902,73,164090073,203418161,26320,N,15,33,201909
20190903,20190902,73,164090073,203531513,26321,N,3,34,201909
20190903,20190902,73,164090073,205559031,26322,N,1,35,201909
20190903,20190902,73,164090073,210125721,26325,N,1,36,201909
20190903,20190902,73,164090073,212745288,26290,N,1,37,201909
20190903,20190902,73,164090073,213403564,26300,N,2,38,201909
20190903,20190902,73,164090073,213701536,26299,N,3,39,201909
20190903,20190902,73,164090073,214504951,26295,N,3,40,201909
20190903,20190902,73,164090073,214523975,26290,N,1,41,201909
20190903,20190902,73,164090073,215524659,26300,N,1,42,201909
20190903,20190902,73,164090073,220712048,26305,N,6,43,201909
20190903,20190902,73,164090073,221931546,26290,N,1,44,201909
20190903,20190902,73,164090073,223023062,26306,N,1,45,201909
20190903,20190902,73,164090073,223336779,26291,N,1,46,201909
20190903,20190902,73,164090073,223541063,26287,N,1,47,201909
20190903,20190902,73,164090073,223705600,26274,N,1,48,201909
20190903,20190902,73,164090073,223711057,26270,N,5,49,201909
20190903,20190902,73,164090073,223832179,26273,N,1,50,201909
20190903,20190902,73,164090073,223858905,26279,N,1,51,201909
20190903,20190902,73,164090073,224117889,26273,N,2,52,201909
20190903,20190902,73,164090073,224258062,26279,N,3,53,201909
20190903,20190902,73,164090073,224551108,26275,N,1,54,201909
20190903,20190902,73,164090073,230358033,26285,N,2,55,201909
20190903,20190902,73,164090073,230653618,26290,N,1,56,201909
20190903,20190902,73,164090073,230726418,26292,N,1,57,201909
20190903,20190902,73,164090073,230810521,26286,N,2,58,201909
20190903,20190902,73,164090073,231318293,26301,N,1,59,201909
20190903,20190902,73,164090073,231351047,26300,N,2,60,201909
20190903,20190902,73,164090073,231532318,26299,N,4,61,201909
20190903,20190902,73,164090073,232314207,26310,N,1,62,201909
20190903,20190902,73,164090073,232909721,26300,N,1,63,201909
20190903,20190902,73,164090073,235005212,26299,N,2,64,201909
20190903,20190902,73,164090073,004933189,26258,N,3,65,201909
20190903,20190902,73,164090073,004933757,26253,N,5,66,201909
20190903,20190902,73,164090073,004937332,26220,N,20,67,201909
20190903,20190902,73,164090073,004937334,26218,N,1,68,201909
20190903,20190902,73,164090073,004937336,26218,N,9,69,201909
20190903,20190902,73,164090073,004937337,26210,N,1,70,201909
20190903,20190902,73,164090073,004942055,26186,N,1,71,201909
20190903,20190902,73,164090073,004942351,26182,N,1,72,201909
20190903,20190902,73,164090073,004954134,26194,N,10,73,201909
20190903,20190902,73,164090073,005001388,26150,N,1,74,201909
20190903,20190902,73,164090073,005003299,26132,N,10,75,201909
20190903,20190902,73,164090073,005003302,26131,N,1,76,201909
20190903,20190902,73,164090073,005011241,26116,N,10,77,201909
20190903,20190902,73,164090073,005012242,26120,N,10,78,201909
20190903,20190902,73,164090073,005016475,26143,N,9,79,201909
20190903,20190902,73,164090073,005018247,26138,N,10,80,201909
20190903,20190902,73,164090073,005018664,26135,N,5,81,201909
20190903,20190902,73,164090073,005023252,26156,N,10,82,201909
20190903,20190902,73,164090073,005035263,26183,N,10,83,201909
20190903,20190902,73,164090073,005037342,26188,N,10,84,201909
20190903,20190902,73,164090073,005040059,26182,N,10,85,201909
20190903,20190902,73,164090073,005053061,26167,N,10,86,201909
20190903,20190902,73,164090073,005100020,26188,N,10,87,201909
20190903,20190902,73,164090073,005103358,26178,N,10,88,201909
20190903,20190902,73,164090073,005111838,26180,N,10,89,201909
20190903,20190902,73,164090073,005128325,26169,N,1,90,201909
20190903,20190902,73,164090073,005211232,26152,N,10,91,201909
20190903,20190902,73,164090073,005218286,26142,N,3,92,201909
20190903,20190902,73,164090073,005238413,26149,N,1,93,201909
20190903,20190902,73,164090073,005336054,26153,N,10,94,201909
20190903,20190902,73,164090073,005438337,26177,N,5,95,201909
20190903,20190902,73,164090073,005548282,26166,N,3,96,201909
20190903,20190902,73,164090073,005612802,26154,N,11,97,201909
20190903,20190902,73,164090073,005747617,26158,N,2,98,201909
20190903,20190902,73,164090073,005939116,26179,N,10,99,201909
20190903,20190902,73,164090073,005947058,26203,N,10,100,201909
20190903,20190902,73,164090073,010015188,26216,N,10,101,201909
20190903,20190902,73,164090073,010018639,26222,N,10,102,201909
20190903,20190902,73,164090073,010035636,26225,N,3,103,201909
20190903,20190902,73,164090073,010125212,26199,N,10,104,201909
20190903,20190902,73,164090073,010126912,26199,N,10,105,201909
20190903,20190902,73,164090073,010229988,26208,N,10,106,201909
20190903,20190902,73,164090073,010414188,26212,N,2,107,201909
20190903,20190902,73,164090073,010830212,26218,N,2,108,201909
20190903,20190902,73,164090073,011101477,26229,N,1,109,201909
20190903,20190902,73,164090073,011437422,26223,N,2,110,201909
20190903,20190902,73,164090073,011857943,26222,N,1,111,201909
20190903,20190902,73,164090073,012154227,26199,N,1,112,201909
20190903,20190902,73,164090073,012216592,26190,N,1,113,201909
20190903,20190902,73,164090073,012257897,26190,N,1,114,201909
20190903,20190902,73,164090073,012454472,26196,N,2,115,201909
20190903,20190902,73,164090073,012524167,26198,N,2,116,201909
20190903,20190902,73,164090073,012608316,26195,N,2,117,201909
20190903,20190902,73,164090073,012953121,26184,N,11,118,201909
20190903,20190902,73,164090073,013026778,26180,N,1,119,201909
20190903,20190902,73,164090073,013131103,26178,N,10,120,201909
20190903,20190902,73,164090073,013300579,26184,N,10,121,201909
20190903,20190902,73,164090073,014317030,26200,N,1,122,201909
20190903,20190902,73,164090073,014352136,26207,N,3,123,201909
20190903,20190902,73,164090073,014757312,26206,N,1,124,201909
20190903,20190902,73,164090073,015502913,26210,N,2,125,201909
20190903,20190902,73,164090073,015741677,26186,N,10,126,201909
20190903,20190902,73,164090073,015810460,26185,N,10,127,201909
20190903,20190902,73,164090073,015911186,26172,N,10,128,201909
20190903,20190902,73,164090073,015931984,26175,N,10,129,201909
20190903,20190902,73,164090073,015949797,26171,N,10,130,201909
20190903,20190902,73,164090073,015955129,26167,N,10,131,201909
20190903,20190902,73,164090073,021402660,26250,N,1,132,201909
20190903,20190902,73,164090073,021402661,26275,N,1,133,201909
20190903,20190902,73,164090073,021402661,26325,N,1,134,201909
20190903,20190902,73,164090073,021402662,26330,N,2,135,201909
20190903,20190902,73,164090073,021402662,26339,N,1,136,201909
20190903,20190902,73,164090073,023250166,26170,N,1,137,201909
20190903,20190902,73,164090073,043845291,26176,N,1,138,201909
20190903,20190902,73,164090073,043900310,26160,N,1,139,201909
20190903,20190902,73,164090073,045406866,26150,N,1,140,201909
20190903,20190902,73,164090073,053001020,26110,E,1,141,201909
20190903,20190903,73,164090073,084501051,26224,O,9,142,201909
20190903,20190903,73,164090073,084533866,26234,N,1,143,201909
20190903,20190903,73,164090073,084613707,26224,N,4,144,201909
20190903,20190903,73,164090073,085012241,26220,N,1,145,201909
20190903,20190903,73,164090073,085114966,26220,N,1,146,201909
20190903,20190903,73,164090073,085531282,26215,N,1,147,201909
20190903,20190903,73,164090073,090355606,26212,N,1,148,201909
20190903,20190903,73,164090073,090431484,26214,N,1,149,201909
20190903,20190903,73,164090073,090526160,26213,N,1,150,201909
20190903,20190903,73,164090073,090627774,26208,N,1,151,201909
20190903,20190903,73,164090073,090632794,26208,N,1,152,201909
20190903,20190903,73,164090073,090641609,26205,N,1,153,201909
20190903,20190903,73,164090073,090802114,26199,N,10,154,201909
20190903,20190903,73,164090073,090802115,26200,N,10,155,201909
20190903,20190903,73,164090073,090802116,26201,N,11,156,201909
20190903,20190903,73,164090073,090931132,26216,N,1,157,201909
20190903,20190903,73,164090073,090945596,26220,N,5,158,201909
20190903,20190903,73,164090073,091047334,26224,N,1,159,201909
20190903,20190903,73,164090073,091158477,26229,N,4,160,201909
20190903,20190903,73,164090073,091206416,26229,N,3,161,201909
20190903,20190903,73,164090073,091213716,26228,N,1,162,201909
20190903,20190903,73,164090073,091429862,26235,N,1,163,201909
20190903,20190903,73,164090073,091510534,26222,N,1,164,201909
20190903,20190903,73,164090073,092042745,26219,N,1,165,201909
20190903,20190903,73,164090073,092132205,26218,N,1,166,201909
20190903,20190903,73,164090073,092600292,26240,N,1,167,201909
20190903,20190903,73,164090073,093026369,26241,N,1,168,201909
20190903,20190903,73,164090073,093045771,26238,N,1,169,201909
20190903,20190903,73,164090073,093419647,26236,N,1,170,201909
20190903,20190903,73,164090073,094318591,26230,N,2,171,201909
20190903,20190903,73,164090073,094509564,26233,N,2,172,201909
20190903,20190903,73,164090073,094532431,26230,N,2,173,201909
20190903,20190903,73,164090073,094549411,26217,N,5,174,201909
20190903,20190903,73,164090073,100600503,26222,N,1,175,201909
20190903,20190903,73,164090073,100805006,26209,N,1,176,201909
20190903,20190903,73,164090073,101949266,26255,N,1,177,201909
20190903,20190903,73,164090073,102008442,26264,N,10,178,201909
20190903,20190903,73,164090073,102237264,26258,N,10,179,201909
20190903,20190903,73,164090073,102706110,26255,N,10,180,201909
20190903,20190903,73,164090073,103403275,26251,N,10,181,201909
20190903,20190903,73,164090073,103441036,26255,N,1,182,201909
20190903,20190903,73,164090073,103700348,26272,N,10,183,201909
20190903,20190903,73,164090073,103745895,26287,N,1,184,201909
20190903,20190903,73,164090073,103745896,26287,N,1,185,201909
20190903,20190903,73,164090073,103745896,26287,N,1,186,201909
20190903,20190903,73,164090073,104809353,26293,N,4,187,201909
20190903,20190903,73,164090073,104809781,26300,N,1,188,201909
20190903,20190903,73,164090073,104810068,26305,N,4,189,201909
20190903,20190903,73,164090073,104835649,26297,N,10,190,201909
20190903,20190903,73,164090073,105227081,26299,N,2,191,201909
20190903,20190903,73,164090073,105914950,26283,N,2,192,201909
20190903,20190903,73,164090073,110705351,26294,N,2,193,201909
20190903,20190903,73,164090073,111627371,26270,N,2,194,201909
20190903,20190903,73,164090073,111734466,26269,N,1,195,201909
20190903,20190903,73,164090073,111735569,26270,N,4,196,201909
20190903,20190903,73,164090073,111903272,26264,N,20,197,201909
20190903,20190903,73,164090073,111919720,26260,N,2,198,201909
20190903,20190903,73,164090073,112108257,26250,N,2,199,201909
20190903,20190903,73,164090073,112225835,26255,N,2,200,201909
20190903,20190903,73,164090073,113402282,26262,N,1,201,201909
20190903,20190903,73,164090073,114405767,26268,N,2,202,201909
20190903,20190903,73,164090073,115328001,26260,N,1,203,201909
20190903,20190903,73,164090073,120107578,26265,N,1,204,201909
20190903,20190903,73,164090073,120252797,26274,N,8,205,201909
20190903,20190903,73,164090073,123512285,26257,N,1,206,201909
20190903,20190903,73,164090073,131921962,26246,N,1,207,201909
20190903,20190903,73,164090073,132407644,26250,N,1,208,201909
20190903,20190903,73,164090073,134504558,26261,N,1,209,201909
20190903,20190903,73,164090073,135730334,26260,N,2,210,201909
20190903,20190903,73,164090073,140458916,26250,N,1,211,201909
20190903,20190903,73,164090073,140735144,26249,N,1,212,201909
20190903,20190903,73,164090073,140747092,26237,N,1,213,201909
20190903,20190903,73,164090073,140748164,26233,N,1,214,201909
20190903,20190903,73,164090073,140748185,26220,N,1,215,201909
20190903,20190903,73,164090073,141203887,26229,N,2,216,201909
20190903,20190903,73,164090073,144423182,26229,N,1,217,201909
20190903,20190903,73,164090073,145244808,26229,N,1,218,201909
20190903,20190903,73,164090073,150021765,26220,N,1,219,201909
20190903,20190903,73,164090073,150022243,26210,N,1,220,201909
20190903,20190903,73,164090073,150034317,26212,N,1,221,201909
20190903,20190903,73,164090073,150142738,26216,N,1,222,201909
20190903,20190903,73,164090073,150145465,26215,N,1,223,201909
20190903,20190903,73,164090073,150148911,26215,N,1,224,201909
20190903,20190903,73,164090073,150151966,26214,N,1,225,201909
20190903,20190903,73,164090073,150156947,26214,N,1,226,201909
20190903,20190903,73,164090073,150231271,26207,N,1,227,201909
20190903,20190903,73,164090073,150243268,26207,N,10,228,201909
20190903,20190903,73,164090073,150255149,26215,N,3,229,201909
20190903,20190903,73,164090073,150257389,26215,N,3,230,201909
20190903,20190903,73,164090073,150301847,26216,N,3,231,201909
20190903,20190903,73,164090073,150304196,26214,N,3,232,201909
20190903,20190903,73,164090073,150318800,26219,N,3,233,201909
20190903,20190903,73,164090073,150427375,26227,N,3,234,201909
20190903,20190903,73,164090073,150429480,26226,N,3,235,201909
20190903,20190903,73,164090073,150441694,26225,N,2,236,201909
20190903,20190903,73,164090073,150444335,26225,N,2,237,201909
20190903,20190903,73,164090073,150457747,26226,N,2,238,201909
20190903,20190903,73,164090073,150539879,26240,N,2,239,201909
20190903,20190903,73,164090073,150550288,26237,N,1,240,201909
20190903,20190903,73,164090073,150608393,26238,N,1,241,201909
20190903,20190903,73,164090073,150630092,26242,N,1,242,201909
20190903,20190903,73,164090073,150747688,26240,N,1,243,201909
20190903,20190903,73,164090073,150749496,26248,N,1,244,201909
20190903,20190903,73,164090073,150801771,26265,N,1,245,201909
20190903,20190903,73,164090073,150936912,26265,E,10,246,201909
20190903,20190902,73,164120073,193234794,26236,O,1,247,201912
20190903,20190902,73,164120073,193234794,26223,N,1,248,201912
20190903,20190902,73,164120073,193234794,26212,N,1,249,201912
20190903,20190902,73,164120073,193234794,26201,N,2,250,201912
20190903,20190902,73,164120073,230529663,26200,N,1,251,201912
20190903,20190902,73,164120073,004937339,26200,N,5,252,201912
20190903,20190902,73,164120073,004937505,26200,N,11,253,201912
20190903,20190902,73,164120073,004937630,26200,N,16,254,201912
20190903,20190902,73,164120073,004937755,26200,N,5,255,201912
20190903,20190902,73,164120073,004937879,26200,N,5,256,201912
20190903,20190902,73,164120073,004938003,26200,N,5,257,201912
20190903,20190902,73,164120073,004938128,26200,N,2,258,201912
20190903,20190902,73,164120073,004958314,26160,N,1,259,201912
20190903,20190902,73,164120073,005010528,26100,N,2,260,201912
20190903,20190902,73,164120073,014134856,26050,N,2,261,201912
20190903,20190902,73,164120073,014152792,26050,N,2,262,201912
20190903,20190902,73,164120073,014212749,26050,N,2,263,201912
20190903,20190902,73,164120073,014230583,26000,N,1,264,201912
20190903,20190902,73,164120073,014247231,26000,N,1,265,201912
20190903,20190902,73,164120073,014307120,25995,E,1,266,201912
20190903,20190903,73,164120073,084501051,26274,O,5,267,201912
20190903,20190903,73,164120073,104014117,26150,N,2,268,201912
20190903,20190903,73,164120073,150057741,26151,N,1,269,201912
20190903,20190903,73,164120073,150057741,26150,N,10,270,201912
20190903,20190903,73,164120073,150216492,26150,N,11,271,201912
20190903,20190903,73,164120073,150218837,26150,N,11,272,201912
20190903,20190903,73,164120073,150222475,26150,E,8,273,201912
20190904,20190903,73,164090073,163001045,26191,O,9,1,201909
20190904,20190903,73,164090073,163731479,26192,N,4,2,201909
20190904,20190903,73,164090073,163904776,26191,N,5,3,201909
20190904,20190903,73,164090073,164144785,26192,N,1,4,201909
20190904,20190903,73,164090073,165111017,26180,N,1,5,201909
20190904,20190903,73,164090073,165127962,26166,N,1,6,201909
20190904,20190903,73,164090073,165246317,26150,N,10,7,201909
20190904,20190903,73,164090073,165322229,26141,N,1,8,201909
20190904,20190903,73,164090073,170242081,26171,N,4,9,201909
20190904,20190903,73,164090073,170303133,26170,N,3,10,201909
20190904,20190903,73,164090073,170448267,26169,N,4,11,201909
20190904,20190903,73,164090073,170526485,26181,N,10,12,201909
20190904,20190903,73,164090073,170712173,26175,N,12,13,201909
20190904,20190903,73,164090073,171317132,26200,N,1,14,201909
20190904,20190903,73,164090073,171317133,26202,N,10,15,201909
20190904,20190903,73,164090073,171317601,26205,N,1,16,201909
20190904,20190903,73,164090073,171420629,26222,N,1,17,201909
20190904,20190903,73,164090073,174619791,26182,N,1,18,201909
20190904,20190903,73,164090073,174644371,26178,N,2,19,201909
20190904,20190903,73,164090073,181326168,26245,N,1,20,201909
20190904,20190903,73,164090073,182640614,26214,N,1,21,201909
20190904,20190903,73,164090073,183136186,26207,N,7,22,201909
20190904,20190903,73,164090073,184213327,26180,N,1,23,201909
20190904,20190903,73,164090073,185330602,26171,N,1,24,201909
20190904,20190903,73,164090073,185640352,26143,N,1,25,201909
20190904,20190903,73,164090073,185649000,26140,N,1,26,201909
20190904,20190903,73,164090073,185649551,26132,N,4,27,201909
20190904,20190903,73,164090073,185923763,26144,N,1,28,201909
20190904,20190903,73,164090073,185931924,26147,N,1,29,201909
20190904,20190903,73,164090073,190459923,26180,N,1,30,201909
20190904,20190903,73,164090073,190612238,26186,N,3,31,201909
20190904,20190903,73,164090073,192320830,26187,N,3,32,201909
20190904,20190903,73,164090073,193018434,26182,N,1,33,201909
20190904,20190903,73,164090073,193909142,26192,N,1,34,201909
20190904,20190903,73,164090073,194748678,26201,N,1,35,201909
20190904,20190903,73,164090073,195939907,26212,N,1,36,201909
20190904,20190903,73,164090073,200123992,26210,N,1,37,201909
20190904,20190903,73,164090073,202307128,26195,N,1,38,201909
20190904,20190903,73,164090073,202518398,26189,N,1,39,201909
20190904,20190903,73,164090073,203252237,26192,N,10,40,201909
20190904,20190903,73,164090073,203252245,26189,N,1,41,201909
20190904,20190903,73,164090073,203252245,26187,N,1,42,201909
20190904,20190903,73,164090073,203432007,26215,N,1,43,201909
20190904,20190903,73,164090073,203535869,26216,N,10,44,201909
20190904,20190903,73,164090073,204513131,26200,N,1,45,201909
20190904,20190903,73,164090073,204859354,26191,N,1,46,201909
20190904,20190903,73,164090073,204942558,26188,N,1,47,201909
20190904,20190903,73,164090073,204948504,26183,N,10,48,201909
20190904,20190903,73,164090073,205145822,26182,N,1,49,201909
20190904,20190903,73,164090073,205656060,26175,N,1,50,201909
20190904,20190903,73,164090073,210709601,26197,N,1,51,201909
20190904,20190903,73,164090073,211014775,26187,N,1,52,201909
20190904,20190903,73,164090073,211209854,26182,N,1,53,201909
20190904,20190903,73,164090073,211219134,26176,N,1,54,201909
20190904,20190903,73,164090073,211252508,26173,N,1,55,201909
20190904,20190903,73,164090073,211320808,26177,N,1,56,201909
20190904,20190903,73,164090073,212600221,26180,N,2,57,201909
20190904,20190903,73,164090073,212739247,26201,N,1,58,201909
20190904,20190903,73,164090073,212935205,26203,N,10,59,201909
20190904,20190903,73,164090073,212936145,26212,N,10,60,201909
20190904,20190903,73,164090073,213045741,26214,N,1,61,201909
20190904,20190903,73,164090073,213120630,26219,N,10,62,201909
20190904,20190903,73,164090073,213120631,26219,N,1,63,201909
20190904,20190903,73,164090073,213202972,26193,N,1,64,201909
20190904,20190903,73,164090073,213343013,26213,N,1,65,201909
20190904,20190903,73,164090073,213407017,26213,N,4,66,201909
20190904,20190903,73,164090073,213517743,26211,N,2,67,201909
20190904,20190903,73,164090073,213533384,26219,N,1,68,201909
20190904,20190903,73,164090073,213541547,26219,N,1,69,201909
20190904,20190903,73,164090073,213614695,26245,N,1,70,201909
20190904,20190903,73,164090073,213615314,26249,N,1,71,201909
20190904,20190903,73,164090073,213615314,26250,N,3,72,201909
20190904,20190903,73,164090073,213615315,26251,N,1,73,201909
20190904,20190903,73,164090073,213615325,26251,N,4,74,201909
20190904,20190903,73,164090073,213927101,26235,N,1,75,201909
20190904,20190903,73,164090073,214519154,26234,N,3,76,201909
20190904,20190903,73,164090073,214954795,26218,N,1,77,201909
20190904,20190903,73,164090073,215959364,26207,N,1,78,201909
20190904,20190903,73,164090073,220018068,26207,N,1,79,201909
20190904,20190903,73,164090073,220311803,26198,N,1,80,201909
20190904,20190903,73,164090073,220734635,26201,N,1,81,201909
20190904,20190903,73,164090073,221205441,26199,N,1,82,201909
20190904,20190903,73,164090073,221206466,26224,N,10,83,201909
20190904,20190903,73,164090073,221206935,26239,N,10,84,201909
20190904,20190903,73,164090073,221218592,26211,N,11,85,201909
20190904,20190903,73,164090073,221235050,26204,N,8,86,201909
20190904,20190903,73,164090073,221305136,26188,N,5,87,201909
20190904,20190903,73,164090073,221305144,26188,N,5,88,201909
20190904,20190903,73,164090073,221440839,26198,N,1,89,201909
20190904,20190903,73,164090073,221753618,26212,N,1,90,201909
20190904,20190903,73,164090073,221759660,26213,N,1,91,201909
20190904,20190903,73,164090073,222020162,26186,N,5,92,201909
20190904,20190903,73,164090073,222020840,26186,N,5,93,201909
20190904,20190903,73,164090073,222020897,26186,N,20,94,201909
20190904,20190903,73,164090073,222100316,26182,N,1,95,201909
20190904,20190903,73,164090073,223000650,26181,N,10,96,201909
20190904,20190903,73,164090073,223001312,26188,N,10,97,201909
20190904,20190903,73,164090073,223008592,26186,N,1,98,201909
20190904,20190903,73,164090073,223053628,26165,N,2,99,201909
20190904,20190903,73,164090073,223054048,26164,N,5,100,201909
20190904,20190903,73,164090073,223237524,26131,N,11,101,201909
20190904,20190903,73,164090073,223237527,26130,N,2,102,201909
20190904,20190903,73,164090073,223317844,26137,N,1,103,201909
20190904,20190903,73,164090073,223332336,26128,N,1,104,201909
20190904,20190903,73,164090073,223338554,26120,N,5,105,201909
20190904,20190903,73,164090073,223349668,26124,N,5,106,201909
20190904,20190903,73,164090073,223402093,26123,N,5,107,201909
20190904,20190903,73,164090073,223505527,26149,N,1,108,201909
20190904,20190903,73,164090073,223532349,26147,N,1,109,201909
20190904,20190903,73,164090073,223544569,26141,N,1,110,201909
20190904,20190903,73,164090073,223618663,26145,N,1,111,201909
20190904,20190903,73,164090073,223651054,26142,N,1,112,201909
20190904,20190903,73,164090073,223652436,26135,N,1,113,201909
20190904,20190903,73,164090073,223709352,26139,N,5,114,201909
20190904,20190903,73,164090073,223742183,26127,N,5,115,201909
20190904,20190903,73,164090073,223750458,26125,N,5,116,201909
20190904,20190903,73,164090073,223753817,26121,N,5,117,201909
20190904,20190903,73,164090073,223804182,26118,N,5,118,201909
20190904,20190903,73,164090073,223853978,26128,N,1,119,201909
20190904,20190903,73,164090073,223908875,26115,N,1,120,201909
20190904,20190903,73,164090073,223958575,26121,N,4,121,201909
20190904,20190903,73,164090073,224103457,26122,N,1,122,201909
20190904,20190903,73,164090073,224116121,26117,N,1,123,201909
20190904,20190903,73,164090073,224119802,26112,N,1,124,201909
20190904,20190903,73,164090073,224120703,26107,N,1,125,201909
20190904,20190903,73,164090073,224120704,26100,N,10,126,201909
20190904,20190903,73,164090073,224121305,26101,N,5,127,201909
20190904,20190903,73,164090073,224149838,26112,N,2,128,201909
20190904,20190903,73,164090073,224213902,26100,N,12,129,201909
20190904,20190903,73,164090073,224253974,26127,N,2,130,201909
20190904,20190903,73,164090073,224302460,26132,N,1,131,201909
20190904,20190903,73,164090073,224305706,26135,N,1,132,201909
20190904,20190903,73,164090073,224313704,26136,N,11,133,201909
20190904,20190903,73,164090073,224321204,26135,N,1,134,201909
20190904,20190903,73,164090073,224431826,26146,N,4,135,201909
20190904,20190903,73,164090073,224901742,26132,N,3,136,201909
20190904,20190903,73,164090073,224904023,26119,N,1,137,201909
20190904,20190903,73,164090073,225114114,26163,N,10,138,201909
20190904,20190903,73,164090073,225142796,26178,N,10,139,201909
20190904,20190903,73,164090073,225142796,26179,N,12,140,201909
20190904,20190903,73,164090073,225533167,26188,N,1,141,201909
20190904,20190903,73,164090073,225545797,26184,N,1,142,201909
20190904,20190903,73,164090073,225600130,26180,N,1,143,201909
20190904,20190903,73,164090073,225804796,26171,N,1,144,201909
20190904,20190903,73,164090073,225805237,26164,N,4,145,201909
20190904,20190903,73,164090073,225818280,26162,N,21,146,201909
20190904,20190903,73,164090073,225818400,26164,N,2,147,201909
20190904,20190903,73,164090073,225925604,26170,N,1,148,201909
20190904,20190903,73,164090073,225928113,26170,N,1,149,201909
20190904,20190903,73,164090073,230009985,26110,N,1,150,201909
20190904,20190903,73,164090073,230009988,26108,N,10,151,201909
20190904,20190903,73,164090073,230015789,26100,N,11,152,201909
20190904,20190903,73,164090073,230020941,26117,N,9,153,201909
20190904,20190903,73,164090073,230020945,26117,N,22,154,201909
20190904,20190903,73,164090073,230026351,26117,N,10,155,201909
20190904,20190903,73,164090073,230056993,26093,N,10,156,201909
20190904,20190903,73,164090073,230056998,26088,N,5,157,201909
20190904,20190903,73,164090073,230057008,26092,N,4,158,201909
20190904,20190903,73,164090073,230111415,26075,N,2,159,201909
20190904,20190903,73,164090073,230111502,26074,N,9,160,201909
20190904,20190903,73,164090073,230115070,26068,N,1,161,201909
20190904,20190903,73,164090073,230115248,26080,N,10,162,201909
20190904,20190903,73,164090073,230128005,26065,N,1,163,201909
20190904,20190903,73,164090073,230129029,26064,N,1,164,201909
20190904,20190903,73,164090073,230147765,26089,N,10,165,201909
20190904,20190903,73,164090073,230216029,26086,N,10,166,201909
20190904,20190903,73,164090073,230219331,26097,N,5,167,201909
20190904,20190903,73,164090073,230242490,26095,N,10,168,201909
20190904,20190903,73,164090073,230306928,26086,N,10,169,201909
20190904,20190903,73,164090073,230332974,26085,N,10,170,201909
20190904,20190903,73,164090073,230405030,26070,N,10,171,201909
20190904,20190903,73,164090073,230409510,26062,N,10,172,201909
20190904,20190903,73,164090073,230420839,26050,N,5,173,201909
20190904,20190903,73,164090073,230420839,26050,N,1,174,201909
20190904,20190903,73,164090073,230423446,26045,N,2,175,201909
20190904,20190903,73,164090073,230430999,26038,N,10,176,201909
20190904,20190903,73,164090073,230457708,26038,N,1,177,201909
20190904,20190903,73,164090073,230545522,26055,N,1,178,201909
20190904,20190903,73,164090073,230617758,26040,N,3,179,201909
20190904,20190903,73,164090073,230622455,26041,N,10,180,201909
20190904,20190903,73,164090073,230638753,26035,N,3,181,201909
20190904,20190903,73,164090073,230706745,26013,N,10,182,201909
20190904,20190903,73,164090073,230706745,26014,N,10,183,201909
20190904,20190903,73,164090073,230745286,26020,N,10,184,201909
20190904,20190903,73,164090073,230747220,26020,N,3,185,201909
20190904,20190903,73,164090073,230834396,26021,N,1,186,201909
20190904,20190903,73,164090073,230839119,26024,N,1,187,201909
20190904,20190903,73,164090073,230921145,26001,N,1,188,201909
20190904,20190903,73,164090073,230929231,26000,N,1,189,201909
20190904,20190903,73,164090073,230943591,26002,N,1,190,201909
20190904,20190903,73,164090073,231009654,26010,N,2,191,201909
20190904,20190903,73,164090073,231012939,26014,N,10,192,201909
20190904,20190903,73,164090073,231012939,26015,N,2,193,201909
20190904,20190903,73,164090073,231111433,26021,N,11,194,201909
20190904,20190903,73,164090073,231111433,26020,N,20,195,201909
20190904,20190903,73,164090073,231111433,26014,N,9,196,201909
20190904,20190903,73,164090073,231230425,26008,N,2,197,201909
20190904,20190903,73,164090073,231235284,26009,N,1,198,201909
20190904,20190903,73,164090073,231243657,26006,N,1,199,201909
20190904,20190903,73,164090073,231244085,26001,N,1,200,201909
20190904,20190903,73,164090073,231244332,26000,N,16,201,201909
20190904,20190903,73,164090073,231244504,26008,N,1,202,201909
20190904,20190903,73,164090073,231244555,26000,N,5,203,201909
20190904,20190903,73,164090073,231309530,26001,N,1,204,201909
20190904,20190903,73,164090073,231312269,26002,N,1,205,201909
20190904,20190903,73,164090073,231312474,26000,N,5,206,201909
20190904,20190903,73,164090073,231312481,26000,N,3,207,201909
20190904,20190903,73,164090073,231312599,26000,N,21,208,201909
20190904,20190903,73,164090073,231349126,25995,N,6,209,201909
20190904,20190903,73,164090073,231407108,26006,N,3,210,201909
20190904,20190903,73,164090073,231418949,25998,N,1,211,201909
20190904,20190903,73,164090073,231432924,25996,N,2,212,201909
20190904,20190903,73,164090073,231443843,26000,N,1,213,201909
20190904,20190903,73,164090073,231445055,25994,N,1,214,201909
20190904,20190903,73,164090073,231502213,25986,N,1,215,201909
20190904,20190903,73,164090073,231507019,25988,N,2,216,201909
20190904,20190903,73,164090073,231521633,25987,N,1,217,201909
20190904,20190903,73,164090073,231527480,25992,N,1,218,201909
20190904,20190903,73,164090073,231602681,25998,N,2,219,201909
20190904,20190903,73,164090073,231603458,25999,N,1,220,201909
20190904,20190903,73,164090073,231650478,26017,N,10,221,201909
20190904,20190903,73,164090073,231650601,26017,N,11,222,201909
20190904,20190903,73,164090073,231656029,26005,N,2,223,201909
20190904,20190903,73,164090073,231839371,26026,N,6,224,201909
20190904,20190903,73,164090073,231913769,26027,N,2,225,201909
20190904,20190903,73,164090073,231946160,26021,N,1,226,201909
20190904,20190903,73,164090073,232024261,26016,N,1,227,201909
20190904,20190903,73,164090073,232109474,26020,N,1,228,201909
20190904,20190903,73,164090073,232119510,26020,N,1,229,201909
20190904,20190903,73,164090073,232128937,26022,N,2,230,201909
20190904,20190903,73,164090073,232129486,26021,N,8,231,201909
20190904,20190903,73,164090073,232216816,26017,N,5,232,201909
20190904,20190903,73,164090073,232218056,26016,N,10,233,201909
20190904,20190903,73,164090073,232237109,26009,N,5,234,201909
20190904,20190903,73,164090073,232237938,26009,N,3,235,201909
20190904,20190903,73,164090073,232335396,26019,N,2,236,201909
20190904,20190903,73,164090073,232359393,26031,N,1,237,201909
20190904,20190903,73,164090073,232419146,26022,N,1,238,201909
20190904,20190903,73,164090073,232515523,26011,N,1,239,201909
20190904,20190903,73,164090073,232520990,26017,N,2,240,201909
20190904,20190903,73,164090073,232557181,26000,N,1,241,201909
20190904,20190903,73,164090073,232557181,25997,N,3,242,201909
20190904,20190903,73,164090073,232559797,25995,N,2,243,201909
20190904,20190903,73,164090073,232638395,25982,N,2,244,201909
20190904,20190903,73,164090073,232726661,26007,N,1,245,201909
20190904,20190903,73,164090073,232755689,26017,N,2,246,201909
20190904,20190903,73,164090073,232808456,26013,N,8,247,201909
20190904,20190903,73,164090073,232917480,26050,N,1,248,201909
20190904,20190903,73,164090073,232923315,26043,N,1,249,201909
20190904,20190903,73,164090073,232929643,26046,N,1,250,201909
20190904,20190903,73,164090073,232938966,26044,N,1,251,201909
20190904,20190903,73,164090073,232945474,26049,N,1,252,201909
20190904,20190903,73,164090073,233009721,26044,N,5,253,201909
20190904,20190903,73,164090073,233020294,26043,N,1,254,201909
20190904,20190903,73,164090073,233023592,26034,N,2,255,201909
20190904,20190903,73,164090073,233057924,26034,N,2,256,201909
20190904,20190903,73,164090073,233202763,26013,N,2,257,201909
20190904,20190903,73,164090073,233430479,26017,N,2,258,201909
20190904,20190903,73,164090073,233611821,26023,N,1,259,201909
20190904,20190903,73,164090073,234115367,26074,N,10,260,201909
20190904,20190903,73,164090073,234130352,26091,N,11,261,201909
20190904,20190903,73,164090073,234137612,26097,N,1,262,201909
20190904,20190903,73,164090073,234148016,26084,N,1,263,201909
20190904,20190903,73,164090073,234233616,26077,N,1,264,201909
20190904,20190903,73,164090073,234242877,26071,N,2,265,201909
20190904,20190903,73,164090073,234301147,26062,N,21,266,201909
20190904,20190903,73,164090073,234500437,26060,N,11,267,201909
20190904,20190903,73,164090073,234500437,26062,N,9,268,201909
20190904,20190903,73,164090073,234536951,26064,N,3,269,201909
20190904,20190903,73,164090073,234610033,26064,N,1,270,201909
20190904,20190903,73,164090073,234644902,26049,N,1,271,201909
20190904,20190903,73,164090073,234912943,26064,N,10,272,201909
20190904,20190903,73,164090073,235025530,26061,N,1,273,201909
20190904,20190903,73,164090073,235158949,26065,N,1,274,201909
20190904,20190903,73,164090073,235158949,26066,N,10,275,201909
20190904,20190903,73,164090073,235158949,26067,N,11,276,201909
20190904,20190903,73,164090073,235158949,26068,N,3,277,201909
20190904,20190903,73,164090073,235404054,26085,N,2,278,201909
20190904,20190903,73,164090073,235521542,26095,N,1,279,201909
20190904,20190903,73,164090073,235522169,26087,N,1,280,201909
20190904,20190903,73,164090073,235613528,26096,N,1,281,201909
20190904,20190903,73,164090073,235655488,26086,N,1,282,201909
20190904,20190903,73,164090073,235701538,26086,N,1,283,201909
20190904,20190903,73,164090073,235925369,26068,N,1,284,201909
20190904,20190903,73,164090073,235934669,26070,N,1,285,201909
20190904,20190903,73,164090073,235941749,26061,N,1,286,201909
20190904,20190903,73,164090073,235951195,26083,N,2,287,201909
20190904,20190903,73,164090073,000419838,26059,N,1,288,201909
20190904,20190903,73,164090073,000517776,26044,N,1,289,201909
20190904,20190903,73,164090073,000837211,26064,N,1,290,201909
20190904,20190903,73,164090073,000915637,26049,N,1,291,201909
20190904,20190903,73,164090073,001020437,26035,N,1,292,201909
20190904,20190903,73,164090073,001114513,26019,N,2,293,201909
20190904,20190903,73,164090073,001119930,26019,N,1,294,201909
20190904,20190903,73,164090073,001130081,26029,N,1,295,201909
20190904,20190903,73,164090073,001206676,26010,N,5,296,201909
20190904,20190903,73,164090073,001206801,26010,N,32,297,201909
20190904,20190903,73,164090073,001215080,26010,N,5,298,201909
20190904,20190903,73,164090073,001215238,26010,N,5,299,201909
20190904,20190903,73,164090073,001215362,26011,N,10,300,201909
20190904,20190903,73,164090073,001215362,26010,N,3,301,201909
20190904,20190903,73,164090073,001311480,26012,N,2,302,201909
20190904,20190903,73,164090073,001525866,26003,N,5,303,201909
20190904,20190903,73,164090073,002645084,26037,N,1,304,201909
20190904,20190903,73,164090073,002813413,26070,N,2,305,201909
20190904,20190903,73,164090073,002856010,26054,N,10,306,201909
20190904,20190903,73,164090073,002915911,26049,N,4,307,201909
20190904,20190903,73,164090073,003000158,26058,N,5,308,201909
20190904,20190903,73,164090073,003254109,26049,N,1,309,201909
20190904,20190903,73,164090073,003305266,26044,N,11,310,201909
20190904,20190903,73,164090073,003547155,26075,N,1,311,201909
20190904,20190903,73,164090073,003953432,26085,N,1,312,201909
20190904,20190903,73,164090073,004200777,26075,N,2,313,201909
20190904,20190903,73,164090073,004749882,26110,N,1,314,201909
20190904,20190903,73,164090073,005347265,26089,N,10,315,201909
20190904,20190903,73,164090073,013108096,26050,N,1,316,201909
20190904,20190903,73,164090073,013108348,26042,N,1,317,201909
20190904,20190903,73,164090073,013437832,26052,N,2,318,201909
20190904,20190903,73,164090073,014234909,26068,N,1,319,201909
20190904,20190903,73,164090073,015021569,26055,N,5,320,201909
20190904,20190903,73,164090073,015131103,26064,N,10,321,201909
20190904,20190903,73,164090073,015215034,26057,N,2,322,201909
20190904,20190903,73,164090073,015404782,26040,N,5,323,201909
20190904,20190903,73,164090073,021340251,26040,N,1,324,201909
20190904,20190903,73,164090073,022755650,26040,N,2,325,201909
20190904,20190903,73,164090073,022931524,26050,N,1,326,201909
20190904,20190903,73,164090073,023615484,26020,N,1,327,201909
20190904,20190903,73,164090073,024114353,26029,N,1,328,201909
20190904,20190903,73,164090073,024425604,26020,N,1,329,201909
20190904,20190903,73,164090073,025246798,26030,N,1,330,201909
20190904,20190903,73,164090073,025253658,26029,N,1,331,201909
20190904,20190903,73,164090073,025534254,26015,N,10,332,201909
20190904,20190903,73,164090073,032225508,26040,N,1,333,201909
20190904,20190903,73,164090073,033142305,26050,N,1,334,201909
20190904,20190903,73,164090073,033445049,26045,N,2,335,201909
20190904,20190903,73,164090073,033535693,26040,N,1,336,201909
20190904,20190903,73,164090073,034542601,26060,N,1,337,201909
20190904,20190903,73,164090073,035213075,26070,N,1,338,201909
20190904,20190903,73,164090073,035424385,26060,N,2,339,201909
20190904,20190903,73,164090073,035750067,26070,N,1,340,201909
20190904,20190903,73,164090073,040258366,26072,N,2,341,201909
20190904,20190903,73,164090073,040554867,26064,N,1,342,201909
20190904,20190903,73,164090073,041743882,26090,N,1,343,201909
20190904,20190903,73,164090073,041744133,26095,N,1,344,201909
20190904,20190903,73,164090073,042000899,26099,N,1,345,201909
20190904,20190903,73,164090073,042018365,26110,N,10,346,201909
20190904,20190903,73,164090073,044348003,26093,N,2,347,201909
20190904,20190903,73,164090073,044550326,26105,N,2,348,201909
20190904,20190903,73,164090073,044606627,26126,N,2,349,201909
20190904,20190903,73,164090073,044615193,26127,N,2,350,201909
20190904,20190903,73,164090073,044854406,26115,N,1,351,201909
20190904,20190903,73,164090073,045637530,26111,N,2,352,201909
20190904,20190903,73,164090073,051040188,26119,N,1,353,201909
20190904,20190903,73,164090073,051226562,26127,N,1,354,201909
20190904,20190903,73,164090073,051236908,26128,N,1,355,201909
20190904,20190903,73,164090073,051838304,26133,N,1,356,201909
20190904,20190903,73,164090073,051838305,26133,N,1,357,201909
20190904,20190903,73,164090073,051838305,26133,N,1,358,201909
20190904,20190903,73,164090073,051907998,26133,N,1,359,201909
20190904,20190903,73,164090073,053001019,26096,E,2,360,201909
20190904,20190904,73,164090073,084501050,26130,O,7,361,201909
20190904,20190904,73,164090073,085224889,26110,N,2,362,201909
20190904,20190904,73,164090073,085313472,26110,N,1,363,201909
20190904,20190904,73,164090073,085319633,26110,N,1,364,201909
20190904,20190904,73,164090073,085331001,26110,N,2,365,201909
20190904,20190904,73,164090073,085348660,26110,N,24,366,201909
20190904,20190904,73,164090073,085813119,26090,N,2,367,201909
20190904,20190904,73,164090073,085848636,26095,N,1,368,201909
20190904,20190904,73,164090073,090023760,26094,N,1,369,201909
20190904,20190904,73,164090073,090115945,26098,N,2,370,201909
20190904,20190904,73,164090073,090138242,26103,N,10,371,201909
20190904,20190904,73,164090073,090439454,26109,N,2,372,201909
20190904,20190904,73,164090073,092104912,26100,N,1,373,201909
20190904,20190904,73,164090073,092200170,26100,N,3,374,201909
20190904,20190904,73,164090073,092823991,26115,N,1,375,201909
20190904,20190904,73,164090073,093304564,26111,N,1,376,201909
20190904,20190904,73,164090073,094118085,26110,N,1,377,201909
20190904,20190904,73,164090073,094950561,26115,N,1,378,201909
20190904,20190904,73,164090073,100007172,26120,N,1,379,201909
20190904,20190904,73,164090073,100010120,26130,N,1,380,201909
20190904,20190904,73,164090073,100010208,26133,N,1,381,201909
20190904,20190904,73,164090073,100416532,26140,N,1,382,201909
20190904,20190904,73,164090073,100759447,26174,N,2,383,201909
20190904,20190904,73,164090073,100941012,26168,N,1,384,201909
20190904,20190904,73,164090073,100954710,26170,N,1,385,201909
20190904,20190904,73,164090073,101002589,26170,N,1,386,201909
20190904,20190904,73,164090073,101002948,26170,N,2,387,201909
20190904,20190904,73,164090073,101421735,26154,N,2,388,201909
20190904,20190904,73,164090073,101556088,26155,N,1,389,201909
20190904,20190904,73,164090073,102204491,26160,N,1,390,201909
20190904,20190904,73,164090073,102443656,26175,N,1,391,201909
20190904,20190904,73,164090073,102452735,26179,N,3,392,201909
20190904,20190904,73,164090073,103000590,26182,N,1,393,201909
20190904,20190904,73,164090073,103025827,26198,N,1,394,201909
20190904,20190904,73,164090073,103113653,26191,N,1,395,201909
20190904,20190904,73,164090073,103221227,26199,N,1,396,201909
20190904,20190904,73,164090073,103222901,26200,N,1,397,201909
20190904,20190904,73,164090073,103314810,26203,N,1,398,201909
20190904,20190904,73,164090073,103428736,26195,N,1,399,201909
20190904,20190904,73,164090073,103651467,26193,N,1,400,201909
20190904,20190904,73,164090073,103847679,26185,N,2,401,201909
20190904,20190904,73,164090073,103847680,26184,N,1,402,201909
20190904,20190904,73,164090073,104136113,26185,N,1,403,201909
20190904,20190904,73,164090073,104244617,26181,N,14,404,201909
20190904,20190904,73,164090073,104406272,26180,N,1,405,201909
20190904,20190904,73,164090073,104408895,26180,N,1,406,201909
20190904,20190904,73,164090073,104411254,26180,N,1,407,201909
20190904,20190904,73,164090073,104500053,26186,N,4,408,201909
20190904,20190904,73,164090073,104832707,26195,N,1,409,201909
20190904,20190904,73,164090073,105121493,26201,N,1,410,201909
20190904,20190904,73,164090073,105703001,26206,N,2,411,201909
20190904,20190904,73,164090073,105703001,26206,N,8,412,201909
20190904,20190904,73,164090073,105703003,26207,N,10,413,201909
20190904,20190904,73,164090073,105703120,26214,N,8,414,201909
20190904,20190904,73,164090073,110049808,26214,N,2,415,201909
20190904,20190904,73,164090073,110231993,26208,N,1,416,201909
20190904,20190904,73,164090073,110458409,26202,N,1,417,201909
20190904,20190904,73,164090073,111539501,26197,N,10,418,201909
20190904,20190904,73,164090073,111631523,26198,N,1,419,201909
20190904,20190904,73,164090073,111701695,26205,N,20,420,201909
20190904,20190904,73,164090073,111701695,26206,N,10,421,201909
20190904,20190904,73,164090073,111741135,26203,N,1,422,201909
20190904,20190904,73,164090073,112136964,26205,N,1,423,201909
20190904,20190904,73,164090073,112434330,26210,N,4,424,201909
20190904,20190904,73,164090073,113202007,26200,N,2,425,201909
20190904,20190904,73,164090073,114236860,26204,N,1,426,201909
20190904,20190904,73,164090073,114702163,26210,N,1,427,201909
20190904,20190904,73,164090073,114934422,26210,N,1,428,201909
20190904,20190904,73,164090073,115337998,26209,N,1,429,201909
20190904,20190904,73,164090073,115631440,26200,N,1,430,201909
20190904,20190904,73,164090073,120320708,26188,N,1,431,201909
20190904,20190904,73,164090073,122213342,26188,N,2,432,201909
20190904,20190904,73,164090073,123500558,26182,N,1,433,201909
20190904,20190904,73,164090073,132034732,26200,N,1,434,201909
20190904,20190904,73,164090073,132203365,26203,N,4,435,201909
20190904,20190904,73,164090073,132952950,26210,N,1,436,201909
20190904,20190904,73,164090073,133633450,26220,N,2,437,201909
20190904,20190904,73,164090073,133633453,26225,N,2,438,201909
20190904,20190904,73,164090073,133633455,26230,N,32,439,201909
20190904,20190904,73,164090073,133633459,26241,N,1,440,201909
20190904,20190904,73,164090073,133708883,26240,N,31,441,201909
20190904,20190904,73,164090073,133753782,26250,N,3,442,201909
20190904,20190904,73,164090073,133904452,26258,N,10,443,201909
20190904,20190904,73,164090073,133905182,26265,N,1,444,201909
20190904,20190904,73,164090073,133938806,26262,N,10,445,201909
20190904,20190904,73,164090073,134128746,26268,N,3,446,201909
20190904,20190904,73,164090073,134208851,26261,N,1,447,201909
20190904,20190904,73,164090073,134216178,26262,N,1,448,201909
20190904,20190904,73,164090073,134224962,26259,N,1,449,201909
20190904,20190904,73,164090073,134232340,26258,N,1,450,201909
20190904,20190904,73,164090073,135024153,26272,N,1,451,201909
20190904,20190904,73,164090073,135431973,26278,N,2,452,201909
20190904,20190904,73,164090073,135917754,26284,N,1,453,201909
20190904,20190904,73,164090073,140012401,26292,N,20,454,201909
20190904,20190904,73,164090073,140012403,26291,N,4,455,201909
20190904,20190904,73,164090073,140012403,26296,N,1,456,201909
20190904,20190904,73,164090073,140358306,26293,N,1,457,201909
20190904,20190904,73,164090073,140644457,26289,N,1,458,201909
20190904,20190904,73,164090073,140655333,26296,N,5,459,201909
20190904,20190904,73,164090073,140745280,26293,N,1,460,201909
20190904,20190904,73,164090073,140801035,26293,N,1,461,201909
20190904,20190904,73,164090073,141112330,26285,N,3,462,201909
20190904,20190904,73,164090073,141140052,26287,N,1,463,201909
20190904,20190904,73,164090073,141148553,26288,N,1,464,201909
20190904,20190904,73,164090073,141326522,26280,N,1,465,201909
20190904,20190904,73,164090073,141816222,26282,N,1,466,201909
20190904,20190904,73,164090073,142031580,26270,N,1,467,201909
20190904,20190904,73,164090073,142048676,26270,N,1,468,201909
20190904,20190904,73,164090073,142140482,26270,N,1,469,201909
20190904,20190904,73,164090073,142414532,26285,N,7,470,201909
20190904,20190904,73,164090073,142653228,26283,N,1,471,201909
20190904,20190904,73,164090073,142750631,26275,N,1,472,201909
20190904,20190904,73,164090073,143411046,26276,N,2,473,201909
20190904,20190904,73,164090073,143420614,26275,N,1,474,201909
20190904,20190904,73,164090073,143437174,26276,N,1,475,201909
20190904,20190904,73,164090073,143512113,26272,N,1,476,201909
20190904,20190904,73,164090073,143739746,26270,N,2,477,201909
20190904,20190904,73,164090073,144257940,26260,N,19,478,201909
20190904,20190904,73,164090073,144658356,26263,N,5,479,201909
20190904,20190904,73,164090073,144732981,26264,N,1,480,201909
20190904,20190904,73,164090073,144752177,26266,N,1,481,201909
20190904,20190904,73,164090073,144900988,26259,N,10,482,201909
20190904,20190904,73,164090073,144909729,26259,N,1,483,201909
20190904,20190904,73,164090073,145002169,26259,N,5,484,201909
20190904,20190904,73,164090073,145038712,26269,N,1,485,201909
20190904,20190904,73,164090073,145208856,26270,N,2,486,201909
20190904,20190904,73,164090073,145652131,26275,N,1,487,201909
20190904,20190904,73,164090073,145726921,26280,N,1,488,201909
20190904,20190904,73,164090073,150308137,26290,N,1,489,201909
20190904,20190904,73,164090073,150309413,26291,N,1,490,201909
20190904,20190904,73,164090073,150342521,26295,N,1,491,201909
20190904,20190904,73,164090073,150448629,26290,N,1,492,201909
20190904,20190904,73,164090073,150728074,26300,N,1,493,201909
20190904,20190904,73,164090073,150728075,26306,N,1,494,201909
20190904,20190904,73,164090073,150830733,26300,N,2,495,201909
20190904,20190904,73,164090073,150943289,26310,N,1,496,201909
20190904,20190904,73,164090073,150956859,26301,E,10,497,201909
20190904,20190903,73,164120073,175452755,26050,O,1,498,201912
20190904,20190903,73,164120073,175452755,26040,N,1,499,201912
20190904,20190903,73,164120073,175452755,26000,N,1,500,201912
20190904,20190903,73,164120073,175452755,25920,N,2,501,201912
20190904,20190903,73,164120073,225500752,26008,N,1,502,201912
20190904,20190903,73,164120073,230240127,26005,N,1,503,201912
20190904,20190903,73,164120073,230645794,26000,N,1,504,201912
20190904,20190903,73,164120073,230652718,25997,N,1,505,201912
20190904,20190903,73,164120073,230652841,25996,N,15,506,201912
20190904,20190903,73,164120073,230652965,25996,N,21,507,201912
20190904,20190903,73,164120073,230653090,25996,N,14,508,201912
20190904,20190903,73,164120073,231245375,25950,N,1,509,201912
20190904,20190903,73,164120073,231938504,25920,N,1,510,201912
20190904,20190903,73,164120073,235422449,26075,N,1,511,201912
20190904,20190903,73,164120073,235432415,26096,N,1,512,201912
20190904,20190903,73,164120073,002128655,26027,E,1,513,201912
20190904,20190904,73,164120073,100748230,26090,O,1,514,201912
20190904,20190904,73,164120073,104643156,26120,N,1,515,201912
20190904,20190904,73,164120073,105901990,26120,N,2,516,201912
20190904,20190904,73,164120073,141504333,26150,N,1,517,201912
20190904,20190904,73,164120073,141541911,26200,N,2,518,201912
20190904,20190904,73,164120073,142823244,26277,N,1,519,201912
20190904,20190904,73,164120073,142823244,26299,N,1,520,201912
20190904,20190904,73,164120073,142823244,26320,N,1,521,201912
20190904,20190904,73,164120073,142823244,26338,N,1,522,201912
20190904,20190904,73,164120073,142823244,26377,E,1,523,201912
20190905,20190904,73,164090073,163001046,26344,O,3,1,201909
20190905,20190904,73,164090073,163110982,26344,N,1,2,201909
20190905,20190904,73,164090073,163259976,26344,N,10,3,201909
20190905,20190904,73,164090073,163300421,26344,N,10,4,201909
20190905,20190904,73,164090073,163358915,26345,N,2,5,201909
20190905,20190904,73,164090073,163516290,26350,N,2,6,201909
20190905,20190904,73,164090073,163531161,26356,N,6,7,201909
20190905,20190904,73,164090073,163558655,26350,N,2,8,201909
20190905,20190904,73,164090073,163953747,26351,N,1,9,201909
20190905,20190904,73,164090073,164534048,26366,N,1,10,201909
20190905,20190904,73,164090073,165235069,26350,N,1,11,201909
20190905,20190904,73,164090073,165235069,26349,N,1,12,201909
20190905,20190904,73,164090073,165254858,26350,N,1,13,201909
20190905,20190904,73,164090073,165256979,26349,N,1,14,201909
20190905,20190904,73,164090073,165321702,26349,N,4,15,201909
20190905,20190904,73,164090073,165740643,26360,N,1,16,201909
20190905,20190904,73,164090073,165956266,26350,N,1,17,201909
20190905,20190904,73,164090073,170122810,26355,N,11,18,201909
20190905,20190904,73,164090073,170129050,26355,N,4,19,201909
20190905,20190904,73,164090073,171012713,26353,N,1,20,201909
20190905,20190904,73,164090073,171235810,26364,N,10,21,201909
20190905,20190904,73,164090073,171235810,26363,N,10,22,201909
20190905,20190904,73,164090073,171241754,26357,N,10,23,201909
20190905,20190904,73,164090073,171408998,26357,N,3,24,201909
20190905,20190904,73,164090073,171420635,26362,N,1,25,201909
20190905,20190904,73,164090073,171737809,26355,N,3,26,201909
20190905,20190904,73,164090073,171829993,26344,N,15,27,201909
20190905,20190904,73,164090073,172004873,26342,N,11,28,201909
20190905,20190904,73,164090073,172055795,26341,N,4,29,201909
20190905,20190904,73,164090073,172816477,26343,N,4,30,201909
20190905,20190904,73,164090073,173700515,26355,N,1,31,201909
20190905,20190904,73,164090073,173719672,26351,N,1,32,201909
20190905,20190904,73,164090073,174257462,26351,N,1,33,201909
20190905,20190904,73,164090073,175914358,26350,N,3,34,201909
20190905,20190904,73,164090073,180257634,26350,N,3,35,201909
20190905,20190904,73,164090073,180628368,26350,N,1,36,201909
20190905,20190904,73,164090073,180840616,26364,N,1,37,201909
20190905,20190904,73,164090073,181157208,26360,N,3,38,201909
20190905,20190904,73,164090073,181206741,26355,N,1,39,201909
20190905,20190904,73,164090073,181650424,26357,N,1,40,201909
20190905,20190904,73,164090073,181846740,26352,N,3,41,201909
20190905,20190904,73,164090073,182000054,26345,N,1,42,201909
20190905,20190904,73,164090073,182256564,26335,N,4,43,201909
20190905,20190904,73,164090073,182505894,26344,N,1,44,201909
20190905,20190904,73,164090073,183746027,26323,N,1,45,201909
20190905,20190904,73,164090073,183757063,26324,N,1,46,201909
20190905,20190904,73,164090073,184221733,26330,N,1,47,201909
20190905,20190904,73,164090073,184538827,26323,N,2,48,201909
20190905,20190904,73,164090073,184629189,26323,N,1,49,201909
20190905,20190904,73,164090073,185258404,26318,N,1,50,201909
20190905,20190904,73,164090073,185348764,26322,N,1,51,201909
20190905,20190904,73,164090073,185542981,26320,N,2,52,201909
20190905,20190904,73,164090073,190319326,26305,N,14,53,201909
20190905,20190904,73,164090073,190445845,26310,N,5,54,201909
20190905,20190904,73,164090073,190446025,26310,N,1,55,201909
20190905,20190904,73,164090073,190758873,26310,N,5,56,201909
20190905,20190904,73,164090073,190936614,26307,N,1,57,201909
20190905,20190904,73,164090073,191311157,26305,N,1,58,201909
20190905,20190904,73,164090073,191343720,26314,N,1,59,201909
20190905,20190904,73,164090073,191555122,26320,N,2,60,201909
20190905,20190904,73,164090073,191916111,26317,N,3,61,201909
20190905,20190904,73,164090073,192025828,26316,N,3,62,201909
20190905,20190904,73,164090073,192436900,26322,N,1,63,201909
20190905,20190904,73,164090073,193243091,26301,N,1,64,201909
20190905,20190904,73,164090073,193455638,26306,N,3,65,201909
20190905,20190904,73,164090073,193456786,26306,N,10,66,201909
20190905,20190904,73,164090073,193501446,26307,N,1,67,201909
20190905,20190904,73,164090073,194431092,26307,N,1,68,201909
20190905,20190904,73,164090073,194924722,26306,N,1,69,201909
20190905,20190904,73,164090073,195558807,26310,N,1,70,201909
20190905,20190904,73,164090073,195934330,26310,N,1,71,201909
20190905,20190904,73,164090073,201500443,26309,N,4,72,201909
20190905,20190904,73,164090073,202235270,26318,N,3,73,201909
20190905,20190904,73,164090073,202245226,26314,N,1,74,201909
20190905,20190904,73,164090073,202525998,26318,N,1,75,201909
20190905,20190904,73,164090073,203720442,26334,N,4,76,201909
20190905,20190904,73,164090073,203731005,26337,N,10,77,201909
20190905,20190904,73,164090073,203731707,26337,N,3,78,201909
20190905,20190904,73,164090073,203808122,26338,N,1,79,201909
20190905,20190904,73,164090073,204600250,26340,N,10,80,201909
20190905,20190904,73,164090073,204600568,26340,N,5,81,201909
20190905,20190904,73,164090073,204745441,26340,N,2,82,201909
20190905,20190904,73,164090073,205400546,26335,N,1,83,201909
20190905,20190904,73,164090073,210613751,26335,N,2,84,201909
20190905,20190904,73,164090073,210729988,26341,N,20,85,201909
20190905,20190904,73,164090073,210749910,26341,N,30,86,201909
20190905,20190904,73,164090073,210816960,26340,N,11,87,201909
20190905,20190904,73,164090073,210818290,26340,N,5,88,201909
20190905,20190904,73,164090073,210828957,26340,N,1,89,201909
20190905,20190904,73,164090073,210841663,26340,N,1,90,201909
20190905,20190904,73,164090073,211152252,26334,N,1,91,201909
20190905,20190904,73,164090073,211353012,26340,N,1,92,201909
20190905,20190904,73,164090073,211952816,26342,N,5,93,201909
20190905,20190904,73,164090073,211953297,26342,N,11,94,201909
20190905,20190904,73,164090073,212001144,26342,N,4,95,201909
20190905,20190904,73,164090073,212503879,26344,N,12,96,201909
20190905,20190904,73,164090073,212519799,26348,N,1,97,201909
20190905,20190904,73,164090073,213128648,26352,N,10,98,201909
20190905,20190904,73,164090073,214620918,26351,N,1,99,201909
20190905,20190904,73,164090073,214700685,26343,N,3,100,201909
20190905,20190904,73,164090073,215307173,26340,N,1,101,201909
20190905,20190904,73,164090073,215718759,26344,N,1,102,201909
20190905,20190904,73,164090073,215902397,26340,N,1,103,201909
20190905,20190904,73,164090073,220206758,26338,N,1,104,201909
20190905,20190904,73,164090073,220313116,26333,N,1,105,201909
20190905,20190904,73,164090073,221743159,26336,N,1,106,201909
20190905,20190904,73,164090073,222234249,26330,N,10,107,201909
20190905,20190904,73,164090073,222609868,26331,N,1,108,201909
20190905,20190904,73,164090073,222959446,26325,N,12,109,201909
20190905,20190904,73,164090073,222959525,26326,N,4,110,201909
20190905,20190904,73,164090073,223023785,26322,N,12,111,201909
20190905,20190904,73,164090073,223028344,26326,N,1,112,201909
20190905,20190904,73,164090073,223108185,26328,N,5,113,201909
20190905,20190904,73,164090073,223108232,26328,N,7,114,201909
20190905,20190904,73,164090073,223406501,26310,N,1,115,201909
20190905,20190904,73,164090073,223447327,26309,N,1,116,201909
20190905,20190904,73,164090073,224459452,26308,N,3,117,201909
20190905,20190904,73,164090073,224503297,26310,N,5,118,201909
20190905,20190904,73,164090073,224503629,26311,N,2,119,201909
20190905,20190904,73,164090073,224940538,26302,N,1,120,201909
20190905,20190904,73,164090073,224957807,26296,N,1,121,201909
20190905,20190904,73,164090073,225133368,26289,N,2,122,201909
20190905,20190904,73,164090073,225628916,26270,N,1,123,201909
20190905,20190904,73,164090073,225628917,26270,N,3,124,201909
20190905,20190904,73,164090073,225631080,26268,N,3,125,201909
20190905,20190904,73,164090073,225852779,26292,N,1,126,201909
20190905,20190904,73,164090073,225958752,26287,N,1,127,201909
20190905,20190904,73,164090073,230113472,26300,N,1,128,201909
20190905,20190904,73,164090073,230746973,26294,N,1,129,201909
20190905,20190904,73,164090073,230842420,26281,N,1,130,201909
20190905,20190904,73,164090073,231023892,26277,N,1,131,201909
20190905,20190904,73,164090073,231350705,26262,N,1,132,201909
20190905,20190904,73,164090073,231540441,26258,N,1,133,201909
20190905,20190904,73,164090073,232049478,26281,N,1,134,201909
20190905,20190904,73,164090073,232050227,26287,N,4,135,201909
20190905,20190904,73,164090073,232515819,26262,N,2,136,201909
20190905,20190904,73,164090073,233001045,26287,N,2,137,201909
20190905,20190904,73,164090073,233208016,26287,N,1,138,201909
20190905,20190904,73,164090073,233424587,26303,N,1,139,201909
20190905,20190904,73,164090073,234435970,26285,N,1,140,201909
20190905,20190904,73,164090073,234520529,26280,N,7,141,201909
20190905,20190904,73,164090073,234811883,26280,N,2,142,201909
20190905,20190904,73,164090073,235239627,26296,N,1,143,201909
20190905,20190904,73,164090073,000038386,26300,N,2,144,201909
20190905,20190904,73,164090073,000051876,26299,N,2,145,201909
20190905,20190904,73,164090073,000526650,26290,N,2,146,201909
20190905,20190904,73,164090073,001235297,26289,N,4,147,201909
20190905,20190904,73,164090073,002048586,26307,N,1,148,201909
20190905,20190904,73,164090073,002048586,26308,N,3,149,201909
20190905,20190904,73,164090073,002417754,26307,N,2,150,201909
20190905,20190904,73,164090073,002946904,26335,N,10,151,201909
20190905,20190904,73,164090073,003506707,26335,N,1,152,201909
20190905,20190904,73,164090073,011655457,26314,N,2,153,201909
20190905,20190904,73,164090073,011704165,26316,N,2,154,201909
20190905,20190904,73,164090073,014630671,26330,N,1,155,201909
20190905,20190904,73,164090073,020551304,26337,N,5,156,201909
20190905,20190904,73,164090073,020621051,26338,N,5,157,201909
20190905,20190904,73,164090073,023856653,26320,N,9,158,201909
20190905,20190904,73,164090073,024002739,26311,N,1,159,201909
20190905,20190904,73,164090073,024036925,26307,N,1,160,201909
20190905,20190904,73,164090073,024122762,26307,N,1,161,201909
20190905,20190904,73,164090073,024124608,26306,N,1,162,201909
20190905,20190904,73,164090073,024259939,26305,N,1,163,201909
20190905,20190904,73,164090073,025540835,26294,N,1,164,201909
20190905,20190904,73,164090073,025546946,26295,N,1,165,201909
20190905,20190904,73,164090073,025550354,26295,N,1,166,201909
20190905,20190904,73,164090073,030124135,26300,N,4,167,201909
20190905,20190904,73,164090073,030828431,26301,N,1,168,201909
20190905,20190904,73,164090073,033340289,26323,N,1,169,201909
20190905,20190904,73,164090073,034255590,26335,N,1,170,201909
20190905,20190904,73,164090073,034953811,26333,N,2,171,201909
20190905,20190904,73,164090073,035117448,26334,N,2,172,201909
20190905,20190904,73,164090073,035200153,26335,N,1,173,201909
20190905,20190904,73,164090073,035238464,26335,N,1,174,201909
20190905,20190904,73,164090073,040637703,26338,N,5,175,201909
20190905,20190904,73,164090073,041403163,26338,N,5,176,201909
20190905,20190904,73,164090073,041409354,26343,N,5,177,201909
20190905,20190904,73,164090073,041427948,26345,N,1,178,201909
20190905,20190904,73,164090073,041441447,26350,N,1,179,201909
20190905,20190904,73,164090073,042553275,26335,N,1,180,201909
20190905,20190904,73,164090073,043356887,26358,N,1,181,201909
20190905,20190904,73,164090073,043400309,26360,N,3,182,201909
20190905,20190904,73,164090073,043409998,26364,N,1,183,201909
20190905,20190904,73,164090073,045001288,26358,N,10,184,201909
20190905,20190904,73,164090073,045105867,26358,N,2,185,201909
20190905,20190904,73,164090073,045150981,26354,N,2,186,201909
20190905,20190904,73,164090073,045454505,26354,N,1,187,201909
20190905,20190904,73,164090073,045559516,26360,N,3,188,201909
20190905,20190904,73,164090073,050111788,26365,N,2,189,201909
20190905,20190904,73,164090073,050621695,26368,N,1,190,201909
20190905,20190904,73,164090073,050700002,26368,N,1,191,201909
20190905,20190904,73,164090073,050958060,26363,N,1,192,201909
20190905,20190904,73,164090073,051551811,26353,E,3,193,201909
20190905,20190905,73,164090073,084501051,26367,O,5,194,201909
20190905,20190905,73,164090073,085234693,26371,N,1,195,201909
20190905,20190905,73,164090073,085953289,26365,N,1,196,201909
20190905,20190905,73,164090073,090206944,26366,N,1,197,201909
20190905,20190905,73,164090073,090232067,26375,N,1,198,201909
20190905,20190905,73,164090073,090410342,26378,N,1,199,201909
20190905,20190905,73,164090073,090418311,26380,N,1,200,201909
20190905,20190905,73,164090073,090418336,26386,N,3,201,201909
20190905,20190905,73,164090073,090510381,26400,N,2,202,201909
20190905,20190905,73,164090073,090618820,26403,N,1,203,201909
20190905,20190905,73,164090073,090749618,26410,N,1,204,201909
20190905,20190905,73,164090073,090902598,26420,N,1,205,201909
20190905,20190905,73,164090073,090902893,26425,N,1,206,201909
20190905,20190905,73,164090073,090902894,26430,N,1,207,201909
20190905,20190905,73,164090073,090909076,26425,N,2,208,201909
20190905,20190905,73,164090073,090917327,26430,N,5,209,201909
20190905,20190905,73,164090073,090917451,26430,N,11,210,201909
20190905,20190905,73,164090073,090942509,26430,N,5,211,201909
20190905,20190905,73,164090073,090942633,26430,N,3,212,201909
20190905,20190905,73,164090073,091018315,26433,N,2,213,201909
20190905,20190905,73,164090073,091028286,26433,N,1,214,201909
