Trade_Date,Make_Date,Index_Type,Security_Code,Time,Trade_Price,Price_Type,Trade_Volume,No,Contract_Month
20200302,20200228,73,165030073,163001045,25357,O,8,1,202003
20200302,20200228,73,165030073,163008744,25342,N,2,2,202003
20200302,20200228,73,165030073,163116553,25404,N,1,3,202003
20200302,20200228,73,165030073,163123515,25399,N,10,4,202003
20200302,20200228,73,165030073,163135331,25386,N,1,5,202003
20200302,20200228,73,165030073,163149336,25385,N,1,6,202003
20200302,20200228,73,165030073,163157804,25385,N,1,7,202003
20200302,20200228,73,165030073,163239535,25421,N,1,8,202003
20200302,20200228,73,165030073,163300386,25403,N,20,9,202003
20200302,20200228,73,165030073,163447305,25440,N,1,10,202003
20200302,20200228,73,165030073,163506170,25431,N,3,11,202003
20200302,20200228,73,165030073,163613414,25400,N,5,12,202003
20200302,20200228,73,165030073,163622550,25388,N,1,13,202003
20200302,20200228,73,165030073,163628220,25378,N,4,14,202003
20200302,20200228,73,165030073,163638732,25367,N,2,15,202003
20200302,20200228,73,165030073,163739489,25354,N,1,16,202003
20200302,20200228,73,165030073,163759820,25345,N,10,17,202003
20200302,20200228,73,165030073,163859972,25325,N,5,18,202003
20200302,20200228,73,165030073,163937784,25250,N,18,19,202003
20200302,20200228,73,165030073,163937784,25248,N,4,20,202003
20200302,20200228,73,165030073,163937789,25249,N,11,21,202003
20200302,20200228,73,165030073,164109013,25243,N,10,22,202003
20200302,20200228,73,165030073,164136979,25276,N,1,23,202003
20200302,20200228,73,165030073,164146112,25273,N,10,24,202003
20200302,20200228,73,165030073,164200638,25274,N,1,25,202003
20200302,20200228,73,165030073,164246982,25254,N,1,26,202003
20200302,20200228,73,165030073,164326188,25230,N,1,27,202003
20200302,20200228,73,165030073,164340336,25191,N,10,28,202003
20200302,20200228,73,165030073,164344230,25204,N,3,29,202003
20200302,20200228,73,165030073,164348884,25206,N,2,30,202003
20200302,20200228,73,165030073,164412341,25259,N,10,31,202003
20200302,20200228,73,165030073,164616386,25250,N,10,32,202003
20200302,20200228,73,165030073,164706047,25300,N,1,33,202003
20200302,20200228,73,165030073,164709239,25312,N,1,34,202003
20200302,20200228,73,165030073,164825192,25322,N,1,35,202003
20200302,20200228,73,165030073,165033725,25315,N,1,36,202003
20200302,20200228,73,165030073,165245548,25291,N,1,37,202003
20200302,20200228,73,165030073,165307164,25258,N,1,38,202003
20200302,20200228,73,165030073,165318108,25261,N,1,39,202003
20200302,20200228,73,165030073,165441296,25250,N,1,40,202003
20200302,20200228,73,165030073,165620170,25261,N,5,41,202003
20200302,20200228,73,165030073,165622015,25261,N,1,42,202003
20200302,20200228,73,165030073,165622534,25261,N,5,43,202003
20200302,20200228,73,165030073,165624882,25261,N,5,44,202003
20200302,20200228,73,165030073,165624883,25261,N,5,45,202003
20200302,20200228,73,165030073,165647374,25261,N,5,46,202003
20200302,20200228,73,165030073,170137041,25262,N,1,47,202003
20200302,20200228,73,165030073,170153654,25284,N,1,48,202003
20200302,20200228,73,165030073,170321074,25344,N,5,49,202003
20200302,20200228,73,165030073,170402800,25353,N,1,50,202003
20200302,20200228,73,165030073,170436369,25361,N,1,51,202003
20200302,20200228,73,165030073,170453057,25369,N,2,52,202003
20200302,20200228,73,165030073,170453089,25369,N,1,53,202003
20200302,20200228,73,165030073,170453089,25369,N,1,54,202003
20200302,20200228,73,165030073,170456014,25369,N,1,55,202003
20200302,20200228,73,165030073,170512482,25393,N,5,56,202003
20200302,20200228,73,165030073,170523431,25422,N,1,57,202003
20200302,20200228,73,165030073,170545763,25403,N,3,58,202003
20200302,20200228,73,165030073,170717268,25321,N,2,59,202003
20200302,20200228,73,165030073,170730192,25330,N,1,60,202003
20200302,20200228,73,165030073,170735976,25338,N,1,61,202003
20200302,20200228,73,165030073,170859291,25307,N,1,62,202003
20200302,20200228,73,165030073,170932781,25311,N,2,63,202003
20200302,20200228,73,165030073,171103601,25371,N,1,64,202003
20200302,20200228,73,165030073,171448968,25340,N,1,65,202003
20200302,20200228,73,165030073,171520041,25358,N,1,66,202003
20200302,20200228,73,165030073,171540202,25316,N,1,67,202003
20200302,20200228,73,165030073,171805710,25365,N,1,68,202003
20200302,20200228,73,165030073,172058621,25435,N,2,69,202003
20200302,20200228,73,165030073,172359562,25400,N,10,70,202003
20200302,20200228,73,165030073,172359562,25401,N,1,71,202003
20200302,20200228,73,165030073,172437065,25444,N,1,72,202003
20200302,20200228,73,165030073,172439327,25450,N,1,73,202003
20200302,20200228,73,165030073,172633688,25427,N,3,74,202003
20200302,20200228,73,165030073,172708736,25434,N,1,75,202003
20200302,20200228,73,165030073,172947484,25378,N,1,76,202003
20200302,20200228,73,165030073,172953325,25371,N,1,77,202003
20200302,20200228,73,165030073,173213320,25323,N,1,78,202003
20200302,20200228,73,165030073,173228263,25313,N,1,79,202003
20200302,20200228,73,165030073,173242423,25273,N,1,80,202003
20200302,20200228,73,165030073,173354928,25261,N,1,81,202003
20200302,20200228,73,165030073,173408312,25270,N,1,82,202003
20200302,20200228,73,165030073,173558830,25253,N,10,83,202003
20200302,20200228,73,165030073,173637520,25251,N,1,84,202003
20200302,20200228,73,165030073,173638554,25260,N,10,85,202003
20200302,20200228,73,165030073,173725350,25277,N,1,86,202003
20200302,20200228,73,165030073,173743113,25249,N,2,87,202003
20200302,20200228,73,165030073,173946863,25222,N,1,88,202003
20200302,20200228,73,165030073,173948419,25212,N,2,89,202003
20200302,20200228,73,165030073,174110061,25240,N,1,90,202003
20200302,20200228,73,165030073,174147067,25247,N,1,91,202003
20200302,20200228,73,165030073,174242449,25215,N,2,92,202003
20200302,20200228,73,165030073,174343977,25229,N,5,93,202003
20200302,20200228,73,165030073,174435839,25233,N,1,94,202003
20200302,20200228,73,165030073,174517768,25223,N,1,95,202003
20200302,20200228,73,165030073,174605174,25194,N,5,96,202003
20200302,20200228,73,165030073,174611395,25180,N,2,97,202003
20200302,20200228,73,165030073,174615147,25150,N,6,98,202003
20200302,20200228,73,165030073,174617768,25150,N,4,99,202003
20200302,20200228,73,165030073,174619200,25140,N,2,100,202003
20200302,20200228,73,165030073,174624800,25134,N,2,101,202003
20200302,20200228,73,165030073,174627514,25139,N,10,102,202003
20200302,20200228,73,165030073,174627514,25141,N,5,103,202003
20200302,20200228,73,165030073,174632112,25133,N,1,104,202003
20200302,20200228,73,165030073,174637075,25155,N,2,105,202003
20200302,20200228,73,165030073,174644006,25163,N,10,106,202003
20200302,20200228,73,165030073,174644008,25159,N,10,107,202003
20200302,20200228,73,165030073,174656624,25170,N,1,108,202003
20200302,20200228,73,165030073,174702908,25180,N,1,109,202003
20200302,20200228,73,165030073,174703985,25180,N,1,110,202003
20200302,20200228,73,165030073,174744639,25141,N,2,111,202003
20200302,20200228,73,165030073,174838522,25141,N,10,112,202003
20200302,20200228,73,165030073,174838526,25141,N,6,113,202003
20200302,20200228,73,165030073,174838647,25141,N,6,114,202003
20200302,20200228,73,165030073,174838781,25141,N,4,115,202003
20200302,20200228,73,165030073,174855813,25123,N,1,116,202003
20200302,20200228,73,165030073,174859434,25112,N,1,117,202003
20200302,20200228,73,165030073,174917687,25100,N,5,118,202003
20200302,20200228,73,165030073,174917691,25084,N,2,119,202003
20200302,20200228,73,165030073,174917691,25081,N,1,120,202003
20200302,20200228,73,165030073,174918248,25088,N,1,121,202003
20200302,20200228,73,165030073,174930285,25078,N,5,122,202003
20200302,20200228,73,165030073,174935889,25084,N,2,123,202003
20200302,20200228,73,165030073,174939533,25076,N,1,124,202003
20200302,20200228,73,165030073,174943223,25088,N,3,125,202003
20200302,20200228,73,165030073,174943398,25093,N,2,126,202003
20200302,20200228,73,165030073,174948945,25095,N,2,127,202003
20200302,20200228,73,165030073,174949069,25095,N,5,128,202003
20200302,20200228,73,165030073,174954090,25094,N,2,129,202003
20200302,20200228,73,165030073,175004146,25117,N,3,130,202003
20200302,20200228,73,165030073,175010719,25094,N,2,131,202003
20200302,20200228,73,165030073,175051607,25093,N,1,132,202003
20200302,20200228,73,165030073,175113034,25091,N,3,133,202003
20200302,20200228,73,165030073,175124635,25129,N,10,134,202003
20200302,20200228,73,165030073,175124635,25134,N,10,135,202003
20200302,20200228,73,165030073,175124753,25139,N,10,136,202003
20200302,20200228,73,165030073,175124753,25140,N,10,137,202003
20200302,20200228,73,165030073,175332840,25100,N,1,138,202003
20200302,20200228,73,165030073,175516079,25100,N,4,139,202003
20200302,20200228,73,165030073,175516643,25100,N,2,140,202003
20200302,20200228,73,165030073,175600549,25116,N,1,141,202003
20200302,20200228,73,165030073,175612014,25139,N,10,142,202003
20200302,20200228,73,165030073,175612016,25136,N,10,143,202003
20200302,20200228,73,165030073,175617849,25150,N,1,144,202003
20200302,20200228,73,165030073,175630443,25137,N,1,145,202003
20200302,20200228,73,165030073,175826089,25156,N,1,146,202003
20200302,20200228,73,165030073,175859337,25172,N,1,147,202003
20200302,20200228,73,165030073,175904298,25178,N,2,148,202003
20200302,20200228,73,165030073,175929140,25166,N,1,149,202003
20200302,20200228,73,165030073,180014563,25151,N,1,150,202003
20200302,20200228,73,165030073,180222039,25155,N,1,151,202003
20200302,20200228,73,165030073,180231235,25130,N,1,152,202003
20200302,20200228,73,165030073,180244815,25117,N,1,153,202003
20200302,20200228,73,165030073,180323556,25129,N,10,154,202003
20200302,20200228,73,165030073,180404588,25117,N,2,155,202003
20200302,20200228,73,165030073,180435280,25100,N,1,156,202003
20200302,20200228,73,165030073,180533308,25135,N,1,157,202003
20200302,20200228,73,165030073,180612755,25157,N,1,158,202003
20200302,20200228,73,165030073,180612762,25166,N,1,159,202003
20200302,20200228,73,165030073,180745252,25183,N,1,160,202003
20200302,20200228,73,165030073,180745254,25183,N,1,161,202003
20200302,20200228,73,165030073,180859969,25141,N,1,162,202003
20200302,20200228,73,165030073,180911444,25125,N,1,163,202003
20200302,20200228,73,165030073,180911618,25113,N,1,164,202003
20200302,20200228,73,165030073,180911618,25108,N,9,165,202003
20200302,20200228,73,165030073,180924861,25118,N,1,166,202003
20200302,20200228,73,165030073,181002569,25099,N,10,167,202003
20200302,20200228,73,165030073,181009585,25108,N,10,168,202003
20200302,20200228,73,165030073,181022151,25113,N,10,169,202003
20200302,20200228,73,165030073,181403507,25080,N,1,170,202003
20200302,20200228,73,165030073,181411325,25081,N,1,171,202003
20200302,20200228,73,165030073,181411919,25075,N,6,172,202003
20200302,20200228,73,165030073,181420428,25075,N,4,173,202003
20200302,20200228,73,165030073,181506480,25086,N,1,174,202003
20200302,20200228,73,165030073,181627205,25080,N,1,175,202003
20200302,20200228,73,165030073,181639349,25088,N,1,176,202003
20200302,20200228,73,165030073,181740527,25110,N,1,177,202003
20200302,20200228,73,165030073,181742766,25108,N,4,178,202003
20200302,20200228,73,165030073,181754012,25113,N,2,179,202003
20200302,20200228,73,165030073,182027894,25090,N,1,180,202003
20200302,20200228,73,165030073,182030147,25088,N,1,181,202003
20200302,20200228,73,165030073,182156291,25094,N,1,182,202003
20200302,20200228,73,165030073,182314629,25055,N,5,183,202003
20200302,20200228,73,165030073,182314747,25034,N,2,184,202003
20200302,20200228,73,165030073,182314749,25021,N,2,185,202003
20200302,20200228,73,165030073,182314749,25008,N,5,186,202003
20200302,20200228,73,165030073,182314749,25001,N,3,187,202003
20200302,20200228,73,165030073,182314751,25002,N,1,188,202003
20200302,20200228,73,165030073,182316177,25006,N,1,189,202003
20200302,20200228,73,165030073,182340691,25039,N,1,190,202003
20200302,20200228,73,165030073,182408590,25024,N,1,191,202003
20200302,20200228,73,165030073,182413442,25001,N,2,192,202003
20200302,20200228,73,165030073,182414821,25020,N,1,193,202003
20200302,20200228,73,165030073,182428580,25020,N,1,194,202003
20200302,20200228,73,165030073,182434216,25008,N,1,195,202003
20200302,20200228,73,165030073,182503184,25000,N,2,196,202003
20200302,20200228,73,165030073,182513381,25004,N,1,197,202003
20200302,20200228,73,165030073,182524727,24992,N,1,198,202003
20200302,20200228,73,165030073,182527129,24994,N,10,199,202003
20200302,20200228,73,165030073,182528445,24998,N,1,200,202003
20200302,20200228,73,165030073,182542797,24992,N,1,201,202003
20200302,20200228,73,165030073,182547527,24988,N,11,202,202003
20200302,20200228,73,165030073,182547529,24984,N,2,203,202003
20200302,20200228,73,165030073,182547539,24968,N,1,204,202003
20200302,20200228,73,165030073,182548487,24987,N,1,205,202003
20200302,20200228,73,165030073,182548710,24990,N,6,206,202003
20200302,20200228,73,165030073,182548906,24990,N,4,207,202003
20200302,20200228,73,165030073,182600015,24979,N,1,208,202003
20200302,20200228,73,165030073,182613790,25000,N,1,209,202003
20200302,20200228,73,165030073,182615759,24990,N,1,210,202003
20200302,20200228,73,165030073,182629018,24962,N,1,211,202003
20200302,20200228,73,165030073,182659453,24977,N,1,212,202003
20200302,20200228,73,165030073,182740581,24937,N,1,213,202003
20200302,20200228,73,165030073,182742711,24945,N,1,214,202003
20200302,20200228,73,165030073,182744853,24943,N,1,215,202003
20200302,20200228,73,165030073,182749639,24934,N,2,216,202003
20200302,20200228,73,165030073,182819977,24960,N,1,217,202003
20200302,20200228,73,165030073,182821831,24958,N,1,218,202003
20200302,20200228,73,165030073,182853217,24942,N,1,219,202003
20200302,20200228,73,165030073,182920990,24938,N,1,220,202003
20200302,20200228,73,165030073,182935342,24920,N,4,221,202003
20200302,20200228,73,165030073,183009483,24927,N,1,222,202003
20200302,20200228,73,165030073,183018161,24885,N,1,223,202003
20200302,20200228,73,165030073,183020954,24901,N,1,224,202003
20200302,20200228,73,165030073,183021965,24913,N,5,225,202003
20200302,20200228,73,165030073,183028476,24884,N,2,226,202003
20200302,20200228,73,165030073,183040545,24870,N,2,227,202003
20200302,20200228,73,165030073,183055078,24893,N,5,228,202003
20200302,20200228,73,165030073,183120249,24899,N,1,229,202003
20200302,20200228,73,165030073,183144183,24903,N,2,230,202003
20200302,20200228,73,165030073,183144190,24904,N,1,231,202003
20200302,20200228,73,165030073,183144215,24904,N,1,232,202003
20200302,20200228,73,165030073,183151639,24904,N,10,233,202003
20200302,20200228,73,165030073,183206802,24928,N,1,234,202003
20200302,20200228,73,165030073,183210943,24950,N,1,235,202003
20200302,20200228,73,165030073,183217951,24949,N,1,236,202003
20200302,20200228,73,165030073,183226935,24956,N,1,237,202003
20200302,20200228,73,165030073,183244452,24959,N,1,238,202003
20200302,20200228,73,165030073,183252368,24967,N,1,239,202003
20200302,20200228,73,165030073,183254512,24957,N,10,240,202003
20200302,20200228,73,165030073,183300170,24953,N,1,241,202003
20200302,20200228,73,165030073,183332379,24961,N,1,242,202003
20200302,20200228,73,165030073,183439872,24966,N,10,243,202003
20200302,20200228,73,165030073,183439872,24970,N,1,244,202003
20200302,20200228,73,165030073,183439873,24971,N,10,245,202003
20200302,20200228,73,165030073,183439876,24976,N,10,246,202003
20200302,20200228,73,165030073,183439876,24979,N,2,247,202003
20200302,20200228,73,165030073,183502068,24963,N,10,248,202003
20200302,20200228,73,165030073,183502068,24962,N,10,249,202003
20200302,20200228,73,165030073,183542475,24954,N,1,250,202003
20200302,20200228,73,165030073,183657912,24945,N,4,251,202003
20200302,20200228,73,165030073,183955141,24998,N,2,252,202003
20200302,20200228,73,165030073,184046112,25010,N,1,253,202003
20200302,20200228,73,165030073,184055906,25016,N,2,254,202003
20200302,20200228,73,165030073,184123288,25031,N,1,255,202003
20200302,20200228,73,165030073,184125932,25042,N,2,256,202003
20200302,20200228,73,165030073,184126652,25037,N,1,257,202003
20200302,20200228,73,165030073,184136917,25047,N,1,258,202003
20200302,20200228,73,165030073,184203071,25034,N,1,259,202003
20200302,20200228,73,165030073,184219443,25029,N,10,260,202003
20200302,20200228,73,165030073,184219445,25042,N,9,261,202003
20200302,20200228,73,165030073,184444331,25109,N,2,262,202003
20200302,20200228,73,165030073,184452947,25099,N,3,263,202003
20200302,20200228,73,165030073,184519900,25076,N,1,264,202003
20200302,20200228,73,165030073,184619782,25163,N,1,265,202003
20200302,20200228,73,165030073,184621157,25176,N,5,266,202003
20200302,20200228,73,165030073,184630673,25169,N,1,267,202003
20200302,20200228,73,165030073,184637077,25200,N,2,268,202003
20200302,20200228,73,165030073,184645580,25190,N,4,269,202003
20200302,20200228,73,165030073,184657961,25164,N,1,270,202003
20200302,20200228,73,165030073,184658941,25167,N,4,271,202003
20200302,20200228,73,165030073,184719629,25150,N,1,272,202003
20200302,20200228,73,165030073,184730764,25141,N,2,273,202003
20200302,20200228,73,165030073,184838340,25159,N,1,274,202003
20200302,20200228,73,165030073,184934189,25135,N,3,275,202003
20200302,20200228,73,165030073,185034008,25107,N,1,276,202003
20200302,20200228,73,165030073,185123845,25113,N,1,277,202003
20200302,20200228,73,165030073,185132454,25099,N,5,278,202003
20200302,20200228,73,165030073,185223493,25109,N,11,279,202003
20200302,20200228,73,165030073,185223493,25108,N,9,280,202003
20200302,20200228,73,165030073,185304257,25103,N,1,281,202003
20200302,20200228,73,165030073,185309892,25110,N,5,282,202003
20200302,20200228,73,165030073,185633540,25062,N,4,283,202003
20200302,20200228,73,165030073,185716152,25063,N,1,284,202003
20200302,20200228,73,165030073,185717259,25063,N,3,285,202003
20200302,20200228,73,165030073,185725438,25083,N,1,286,202003
20200302,20200228,73,165030073,185730569,25084,N,1,287,202003
20200302,20200228,73,165030073,185739975,25101,N,1,288,202003
20200302,20200228,73,165030073,185741321,25110,N,3,289,202003
20200302,20200228,73,165030073,185831765,25090,N,1,290,202003
20200302,20200228,73,165030073,185831873,25099,N,1,291,202003
20200302,20200228,73,165030073,190019557,25089,N,1,292,202003
20200302,20200228,73,165030073,190036257,25109,N,10,293,202003
20200302,20200228,73,165030073,190100290,25110,N,2,294,202003
20200302,20200228,73,165030073,190120305,25110,N,1,295,202003
20200302,20200228,73,165030073,190219290,25064,N,1,296,202003
20200302,20200228,73,165030073,190508863,25063,N,3,297,202003
20200302,20200228,73,165030073,190627947,25085,N,1,298,202003
20200302,20200228,73,165030073,190749701,25055,N,7,299,202003
20200302,20200228,73,165030073,190840756,25056,N,10,300,202003
20200302,20200228,73,165030073,191013514,25059,N,10,301,202003
20200302,20200228,73,165030073,191218549,25080,N,5,302,202003
20200302,20200228,73,165030073,191352695,25095,N,1,303,202003
20200302,20200228,73,165030073,191402564,25107,N,5,304,202003
20200302,20200228,73,165030073,191449240,25110,N,1,305,202003
20200302,20200228,73,165030073,191758511,25108,N,1,306,202003
20200302,20200228,73,165030073,191829446,25132,N,1,307,202003
20200302,20200228,73,165030073,191840413,25142,N,1,308,202003
20200302,20200228,73,165030073,191840532,25150,N,1,309,202003
20200302,20200228,73,165030073,192120423,25188,N,1,310,202003
20200302,20200228,73,165030073,192139192,25181,N,2,311,202003
20200302,20200228,73,165030073,192205684,25215,N,1,312,202003
20200302,20200228,73,165030073,192219338,25211,N,1,313,202003
20200302,20200228,73,165030073,192239805,25208,N,2,314,202003
20200302,20200228,73,165030073,192318833,25200,N,1,315,202003
20200302,20200228,73,165030073,192430035,25244,N,10,316,202003
20200302,20200228,73,165030073,192431814,25257,N,10,317,202003
20200302,20200228,73,165030073,192436919,25272,N,10,318,202003
20200302,20200228,73,165030073,192437640,25280,N,2,319,202003
20200302,20200228,73,165030073,192438608,25280,N,10,320,202003
20200302,20200228,73,165030073,192439481,25278,N,1,321,202003
20200302,20200228,73,165030073,192456122,25267,N,11,322,202003
20200302,20200228,73,165030073,192456122,25268,N,9,323,202003
20200302,20200228,73,165030073,192521965,25297,N,10,324,202003
20200302,20200228,73,165030073,192550921,25322,N,1,325,202003
20200302,20200228,73,165030073,192552572,25337,N,2,326,202003
20200302,20200228,73,165030073,192604055,25304,N,1,327,202003
20200302,20200228,73,165030073,192608707,25297,N,1,328,202003
20200302,20200228,73,165030073,192625680,25297,N,1,329,202003
20200302,20200228,73,165030073,192747066,25274,N,2,330,202003
20200302,20200228,73,165030073,192813116,25286,N,10,331,202003
20200302,20200228,73,165030073,192816329,25277,N,1,332,202003
20200302,20200228,73,165030073,192858202,25296,N,5,333,202003
20200302,20200228,73,165030073,192947438,25328,N,11,334,202003
20200302,20200228,73,165030073,192947438,25329,N,9,335,202003
20200302,20200228,73,165030073,193201487,25239,N,1,336,202003
20200302,20200228,73,165030073,193201489,25238,N,1,337,202003
20200302,20200228,73,165030073,193319700,25226,N,1,338,202003
20200302,20200228,73,165030073,193444276,25242,N,1,339,202003
20200302,20200228,73,165030073,193509912,25242,N,5,340,202003
20200302,20200228,73,165030073,193535170,25245,N,4,341,202003
20200302,20200228,73,165030073,193554632,25267,N,2,342,202003
20200302,20200228,73,165030073,193945860,25226,N,1,343,202003
20200302,20200228,73,165030073,193945860,25221,N,1,344,202003
20200302,20200228,73,165030073,194037750,25200,N,1,345,202003
20200302,20200228,73,165030073,194112303,25216,N,1,346,202003
20200302,20200228,73,165030073,194335151,25243,N,2,347,202003
20200302,20200228,73,165030073,194523870,25311,N,1,348,202003
20200302,20200228,73,165030073,194523909,25311,N,2,349,202003
20200302,20200228,73,165030073,194537466,25292,N,1,350,202003
20200302,20200228,73,165030073,194703738,25250,N,7,351,202003
20200302,20200228,73,165030073,194908382,25263,N,10,352,202003
20200302,20200228,73,165030073,194939447,25257,N,1,353,202003
20200302,20200228,73,165030073,195353149,25271,N,6,354,202003
20200302,20200228,73,165030073,195510501,25254,N,1,355,202003
20200302,20200228,73,165030073,195521517,25271,N,1,356,202003
20200302,20200228,73,165030073,195558343,25306,N,1,357,202003
20200302,20200228,73,165030073,195614489,25283,N,3,358,202003
20200302,20200228,73,165030073,195934086,25315,N,1,359,202003
20200302,20200228,73,165030073,195939117,25314,N,1,360,202003
20200302,20200228,73,165030073,200131971,25310,N,2,361,202003
20200302,20200228,73,165030073,200212962,25315,N,1,362,202003
20200302,20200228,73,165030073,200336166,25300,N,1,363,202003
20200302,20200228,73,165030073,200632248,25291,N,1,364,202003
20200302,20200228,73,165030073,200711476,25296,N,1,365,202003
20200302,20200228,73,165030073,200716972,25300,N,3,366,202003
20200302,20200228,73,165030073,200942170,25330,N,10,367,202003
20200302,20200228,73,165030073,200943158,25333,N,2,368,202003
20200302,20200228,73,165030073,201047349,25350,N,10,369,202003
20200302,20200228,73,165030073,201047353,25362,N,1,370,202003
20200302,20200228,73,165030073,201128986,25354,N,1,371,202003
20200302,20200228,73,165030073,201223077,25364,N,1,372,202003
20200302,20200228,73,165030073,201356995,25362,N,1,373,202003
20200302,20200228,73,165030073,201437561,25371,N,1,374,202003
20200302,20200228,73,165030073,201437639,25371,N,1,375,202003
20200302,20200228,73,165030073,201520446,25364,N,1,376,202003
20200302,20200228,73,165030073,201543551,25381,N,1,377,202003
20200302,20200228,73,165030073,201545623,25381,N,1,378,202003
20200302,20200228,73,165030073,201742387,25333,N,11,379,202003
20200302,20200228,73,165030073,201742387,25332,N,21,380,202003
20200302,20200228,73,165030073,201742387,25330,N,6,381,202003
20200302,20200228,73,165030073,201742390,25319,N,1,382,202003
20200302,20200228,73,165030073,201742428,25319,N,1,383,202003
20200302,20200228,73,165030073,201836099,25311,N,1,384,202003
20200302,20200228,73,165030073,201844646,25309,N,10,385,202003
20200302,20200228,73,165030073,201922663,25311,N,1,386,202003
20200302,20200228,73,165030073,201957075,25321,N,10,387,202003
20200302,20200228,73,165030073,202216856,25310,N,9,388,202003
20200302,20200228,73,165030073,202256853,25311,N,1,389,202003
20200302,20200228,73,165030073,202504601,25308,N,1,390,202003
20200302,20200228,73,165030073,202537801,25320,N,1,391,202003
20200302,20200228,73,165030073,202549849,25320,N,3,392,202003
20200302,20200228,73,165030073,202549950,25307,N,2,393,202003
20200302,20200228,73,165030073,202631342,25325,N,1,394,202003
20200302,20200228,73,165030073,202733300,25295,N,1,395,202003
20200302,20200228,73,165030073,202812197,25269,N,1,396,202003
20200302,20200228,73,165030073,202906034,25293,N,10,397,202003
20200302,20200228,73,165030073,202935007,25270,N,1,398,202003
20200302,20200228,73,165030073,203011203,25285,N,1,399,202003
20200302,20200228,73,165030073,203251831,25294,N,11,400,202003
20200302,20200228,73,165030073,203320534,25319,N,1,401,202003
20200302,20200228,73,165030073,203511220,25329,N,10,402,202003
20200302,20200228,73,165030073,203606841,25361,N,1,403,202003
20200302,20200228,73,165030073,203656482,25366,N,1,404,202003
20200302,20200228,73,165030073,203732351,25343,N,1,405,202003
20200302,20200228,73,165030073,203758861,25366,N,1,406,202003
20200302,20200228,73,165030073,203807416,25358,N,1,407,202003
20200302,20200228,73,165030073,203913211,25365,N,5,408,202003
20200302,20200228,73,165030073,203913213,25365,N,1,409,202003
20200302,20200228,73,165030073,203925046,25352,N,1,410,202003
20200302,20200228,73,165030073,203938891,25353,N,1,411,202003
20200302,20200228,73,165030073,203945039,25350,N,1,412,202003
20200302,20200228,73,165030073,203950957,25350,N,1,413,202003
20200302,20200228,73,165030073,203957252,25350,N,1,414,202003
20200302,20200228,73,165030073,204006336,25348,N,1,415,202003
20200302,20200228,73,165030073,204019107,25336,N,1,416,202003
20200302,20200228,73,165030073,204020127,25336,N,1,417,202003
20200302,20200228,73,165030073,204030962,25339,N,1,418,202003
20200302,20200228,73,165030073,204038540,25333,N,1,419,202003
20200302,20200228,73,165030073,204041630,25334,N,1,420,202003
20200302,20200228,73,165030073,204057012,25339,N,1,421,202003
20200302,20200228,73,165030073,204106703,25334,N,1,422,202003
20200302,20200228,73,165030073,204125782,25335,N,1,423,202003
20200302,20200228,73,165030073,204127917,25331,N,1,424,202003
20200302,20200228,73,165030073,204142751,25344,N,1,425,202003
20200302,20200228,73,165030073,204152371,25346,N,1,426,202003
20200302,20200228,73,165030073,204154554,25346,N,1,427,202003
20200302,20200228,73,165030073,204223014,25353,N,1,428,202003
20200302,20200228,73,165030073,204228787,25348,N,1,429,202003
20200302,20200228,73,165030073,204237342,25338,N,1,430,202003
20200302,20200228,73,165030073,204238562,25338,N,1,431,202003
20200302,20200228,73,165030073,204257733,25333,N,1,432,202003
20200302,20200228,73,165030073,204258106,25321,N,10,433,202003
20200302,20200228,73,165030073,204302672,25301,N,1,434,202003
20200302,20200228,73,165030073,204303654,25300,N,5,435,202003
20200302,20200228,73,165030073,204303658,25300,N,1,436,202003
20200302,20200228,73,165030073,204303779,25300,N,2,437,202003
20200302,20200228,73,165030073,204308393,25286,N,1,438,202003
20200302,20200228,73,165030073,204313713,25302,N,10,439,202003
20200302,20200228,73,165030073,204316126,25304,N,1,440,202003
20200302,20200228,73,165030073,204348357,25300,N,1,441,202003
20200302,20200228,73,165030073,204417662,25277,N,1,442,202003
20200302,20200228,73,165030073,204418233,25273,N,1,443,202003
20200302,20200228,73,165030073,204419508,25270,N,1,444,202003
20200302,20200228,73,165030073,204427061,25271,N,1,445,202003
20200302,20200228,73,165030073,204722973,25285,N,10,446,202003
20200302,20200228,73,165030073,205218741,25262,N,1,447,202003
20200302,20200228,73,165030073,205244590,25263,N,1,448,202003
20200302,20200228,73,165030073,205258248,25264,N,1,449,202003
20200302,20200228,73,165030073,205707149,25289,N,1,450,202003
20200302,20200228,73,165030073,205846390,25250,N,1,451,202003
20200302,20200228,73,165030073,205846393,25234,N,1,452,202003
20200302,20200228,73,165030073,205846394,25234,N,1,453,202003
20200302,20200228,73,165030073,205901727,25246,N,1,454,202003
20200302,20200228,73,165030073,205921657,25246,N,1,455,202003
20200302,20200228,73,165030073,205927406,25238,N,1,456,202003
20200302,20200228,73,165030073,205949772,25227,N,7,457,202003
20200302,20200228,73,165030073,205951877,25221,N,2,458,202003
20200302,20200228,73,165030073,210010142,25256,N,1,459,202003
20200302,20200228,73,165030073,210020095,25254,N,10,460,202003
20200302,20200228,73,165030073,210052828,25273,N,1,461,202003
20200302,20200228,73,165030073,210333809,25259,N,10,462,202003
20200302,20200228,73,165030073,210453885,25253,N,1,463,202003
20200302,20200228,73,165030073,210542315,25244,N,1,464,202003
20200302,20200228,73,165030073,210721375,25221,N,2,465,202003
20200302,20200228,73,165030073,210753076,25215,N,1,466,202003
20200302,20200228,73,165030073,210843786,25221,N,2,467,202003
20200302,20200228,73,165030073,210850064,25228,N,1,468,202003
20200302,20200228,73,165030073,210915285,25236,N,3,469,202003
20200302,20200228,73,165030073,210928994,25260,N,1,470,202003
20200302,20200228,73,165030073,210951883,25250,N,1,471,202003
20200302,20200228,73,165030073,211029727,25189,N,1,472,202003
20200302,20200228,73,165030073,211029730,25189,N,1,473,202003
20200302,20200228,73,165030073,211058809,25249,N,1,474,202003
20200302,20200228,73,165030073,211108155,25238,N,5,475,202003
20200302,20200228,73,165030073,211325788,25332,N,1,476,202003
20200302,20200228,73,165030073,211404150,25314,N,5,477,202003
20200302,20200228,73,165030073,211455756,25317,N,5,478,202003
20200302,20200228,73,165030073,211527840,25309,N,1,479,202003
20200302,20200228,73,165030073,211538185,25301,N,1,480,202003
20200302,20200228,73,165030073,211608565,25301,N,1,481,202003
20200302,20200228,73,165030073,211608572,25300,N,2,482,202003
20200302,20200228,73,165030073,211623287,25298,N,1,483,202003
20200302,20200228,73,165030073,211637219,25294,N,1,484,202003
20200302,20200228,73,165030073,211750913,25341,N,1,485,202003
20200302,20200228,73,165030073,211752255,25349,N,1,486,202003
20200302,20200228,73,165030073,211754568,25349,N,1,487,202003
20200302,20200228,73,165030073,211817002,25344,N,1,488,202003
20200302,20200228,73,165030073,211846827,25349,N,6,489,202003
20200302,20200228,73,165030073,211847982,25349,N,2,490,202003
20200302,20200228,73,165030073,211902741,25348,N,5,491,202003
20200302,20200228,73,165030073,211904737,25337,N,1,492,202003
20200302,20200228,73,165030073,211906870,25337,N,5,493,202003
20200302,20200228,73,165030073,212028177,25378,N,1,494,202003
20200302,20200228,73,165030073,212058266,25392,N,1,495,202003
20200302,20200228,73,165030073,212059425,25400,N,1,496,202003
20200302,20200228,73,165030073,212059427,25400,N,1,497,202003
20200302,20200228,73,165030073,212119523,25400,N,6,498,202003
20200302,20200228,73,165030073,212123067,25400,N,6,499,202003
20200302,20200228,73,165030073,212123192,25400,N,6,500,202003
20200302,20200228,73,165030073,212123609,25400,N,4,501,202003
20200302,20200228,73,165030073,212124011,25400,N,6,502,202003
20200302,20200228,73,165030073,212155576,25421,N,1,503,202003
20200302,20200228,73,165030073,212155975,25429,N,5,504,202003
20200302,20200228,73,165030073,212235944,25420,N,1,505,202003
20200302,20200228,73,165030073,212241079,25430,N,6,506,202003
20200302,20200228,73,165030073,212242872,25430,N,6,507,202003
20200302,20200228,73,165030073,212242881,25430,N,5,508,202003
20200302,20200228,73,165030073,212243002,25430,N,6,509,202003
20200302,20200228,73,165030073,212243023,25430,N,3,510,202003
20200302,20200228,73,165030073,212243411,25430,N,4,511,202003
20200302,20200228,73,165030073,212244089,25436,N,1,512,202003
20200302,20200228,73,165030073,212259759,25438,N,3,513,202003
20200302,20200228,73,165030073,212302675,25435,N,1,514,202003
20200302,20200228,73,165030073,212310013,25438,N,1,515,202003
20200302,20200228,73,165030073,212438616,25450,N,1,516,202003
20200302,20200228,73,165030073,212443301,25450,N,6,517,202003
20200302,20200228,73,165030073,212443622,25450,N,3,518,202003
20200302,20200228,73,165030073,212446695,25457,N,1,519,202003
20200302,20200228,73,165030073,212502378,25455,N,1,520,202003
20200302,20200228,73,165030073,212641438,25398,N,1,521,202003
20200302,20200228,73,165030073,212707056,25411,N,1,522,202003
20200302,20200228,73,165030073,213020221,25440,N,1,523,202003
20200302,20200228,73,165030073,213108880,25442,N,1,524,202003
20200302,20200228,73,165030073,213109011,25459,N,1,525,202003
20200302,20200228,73,165030073,213138207,25419,N,1,526,202003
20200302,20200228,73,165030073,213158845,25411,N,5,527,202003
20200302,20200228,73,165030073,213158905,25411,N,5,528,202003
20200302,20200228,73,165030073,213210915,25411,N,1,529,202003
20200302,20200228,73,165030073,213242369,25385,N,1,530,202003
20200302,20200228,73,165030073,213301778,25346,N,1,531,202003
20200302,20200228,73,165030073,213302091,25348,N,1,532,202003
20200302,20200228,73,165030073,213309812,25364,N,1,533,202003
20200302,20200228,73,165030073,213425756,25350,N,1,534,202003
20200302,20200228,73,165030073,213426112,25353,N,1,535,202003
20200302,20200228,73,165030073,213437529,25341,N,1,536,202003
20200302,20200228,73,165030073,213447660,25335,N,1,537,202003
20200302,20200228,73,165030073,213725919,25352,N,1,538,202003
20200302,20200228,73,165030073,213749623,25351,N,1,539,202003
20200302,20200228,73,165030073,213806052,25332,N,1,540,202003
20200302,20200228,73,165030073,213923941,25369,N,1,541,202003
20200302,20200228,73,165030073,214226357,25427,N,1,542,202003
20200302,20200228,73,165030073,214311172,25385,N,1,543,202003
20200302,20200228,73,165030073,214416504,25429,N,1,544,202003
20200302,20200228,73,165030073,214458080,25432,N,1,545,202003
20200302,20200228,73,165030073,214524781,25446,N,1,546,202003
20200302,20200228,73,165030073,214532377,25450,N,1,547,202003
20200302,20200228,73,165030073,214558425,25426,N,1,548,202003
20200302,20200228,73,165030073,214846436,25433,N,2,549,202003
20200302,20200228,73,165030073,214846442,25435,N,1,550,202003
20200302,20200228,73,165030073,214848981,25445,N,1,551,202003
20200302,20200228,73,165030073,214849599,25450,N,1,552,202003
20200302,20200228,73,165030073,214901243,25453,N,1,553,202003
20200302,20200228,73,165030073,214923652,25450,N,10,554,202003
20200302,20200228,73,165030073,214923666,25460,N,9,555,202003
20200302,20200228,73,165030073,214959919,25476,N,2,556,202003
20200302,20200228,73,165030073,215001333,25469,N,1,557,202003
20200302,20200228,73,165030073,215014324,25450,N,1,558,202003
20200302,20200228,73,165030073,215406167,25425,N,1,559,202003
20200302,20200228,73,165030073,215446958,25425,N,1,560,202003
20200302,20200228,73,165030073,215504600,25425,N,1,561,202003
20200302,20200228,73,165030073,215556719,25420,N,1,562,202003
20200302,20200228,73,165030073,215839159,25407,N,2,563,202003
20200302,20200228,73,165030073,215847480,25385,N,1,564,202003
20200302,20200228,73,165030073,220512587,25320,N,5,565,202003
20200302,20200228,73,165030073,220629133,25361,N,10,566,202003
20200302,20200228,73,165030073,220629207,25351,N,1,567,202003
20200302,20200228,73,165030073,220653521,25342,N,1,568,202003
20200302,20200228,73,165030073,220709852,25335,N,1,569,202003
20200302,20200228,73,165030073,220736466,25338,N,1,570,202003
20200302,20200228,73,165030073,220737282,25346,N,2,571,202003
20200302,20200228,73,165030073,220751270,25353,N,1,572,202003
20200302,20200228,73,165030073,220838648,25362,N,1,573,202003
20200302,20200228,73,165030073,220925132,25372,N,1,574,202003
20200302,20200228,73,165030073,221039607,25381,N,1,575,202003
20200302,20200228,73,165030073,221206949,25375,N,1,576,202003
20200302,20200228,73,165030073,221258101,25404,N,1,577,202003
20200302,20200228,73,165030073,221426113,25448,N,1,578,202003
20200302,20200228,73,165030073,221430836,25450,N,1,579,202003
20200302,20200228,73,165030073,221729758,25426,N,1,580,202003
20200302,20200228,73,165030073,221733562,25431,N,10,581,202003
20200302,20200228,73,165030073,221733680,25437,N,2,582,202003
20200302,20200228,73,165030073,221733748,25440,N,1,583,202003
20200302,20200228,73,165030073,222144853,25395,N,1,584,202003
20200302,20200228,73,165030073,222310092,25381,N,1,585,202003
20200302,20200228,73,165030073,222353639,25360,N,1,586,202003
20200302,20200228,73,165030073,222453087,25384,N,1,587,202003
20200302,20200228,73,165030073,222849580,25360,N,1,588,202003
20200302,20200228,73,165030073,222930333,25348,N,1,589,202003
20200302,20200228,73,165030073,222937379,25336,N,10,590,202003
20200302,20200228,73,165030073,223018122,25348,N,1,591,202003
20200302,20200228,73,165030073,223312803,25323,N,1,592,202003
20200302,20200228,73,165030073,223444646,25348,N,1,593,202003
20200302,20200228,73,165030073,223521220,25325,N,1,594,202003
20200302,20200228,73,165030073,223643840,25301,N,1,595,202003
20200302,20200228,73,165030073,223643843,25301,N,1,596,202003
20200302,20200228,73,165030073,223713815,25339,N,1,597,202003
20200302,20200228,73,165030073,223810045,25317,N,1,598,202003
20200302,20200228,73,165030073,223915081,25357,N,3,599,202003
20200302,20200228,73,165030073,223928127,25335,N,1,600,202003
20200302,20200228,73,165030073,224001577,25320,N,1,601,202003
20200302,20200228,73,165030073,224031196,25323,N,1,602,202003
20200302,20200228,73,165030073,224317948,25285,N,1,603,202003
20200302,20200228,73,165030073,224400586,25269,N,1,604,202003
20200302,20200228,73,165030073,224422891,25270,N,5,605,202003
20200302,20200228,73,165030073,224559537,25290,N,1,606,202003
20200302,20200228,73,165030073,224704729,25235,N,1,607,202003
20200302,20200228,73,165030073,224713389,25235,N,1,608,202003
20200302,20200228,73,165030073,224720874,25213,N,1,609,202003
20200302,20200228,73,165030073,224722592,25200,N,2,610,202003
20200302,20200228,73,165030073,224722592,25197,N,1,611,202003
20200302,20200228,73,165030073,224731300,25210,N,1,612,202003
20200302,20200228,73,165030073,224743333,25210,N,1,613,202003
20200302,20200228,73,165030073,224758425,25211,N,6,614,202003
20200302,20200228,73,165030073,224830364,25216,N,1,615,202003
20200302,20200228,73,165030073,224914402,25185,N,1,616,202003
20200302,20200228,73,165030073,224936254,25183,N,2,617,202003
20200302,20200228,73,165030073,224937239,25175,N,5,618,202003
20200302,20200228,73,165030073,224937239,25175,N,6,619,202003
20200302,20200228,73,165030073,224937242,25170,N,1,620,202003
20200302,20200228,73,165030073,224951870,25192,N,2,621,202003
20200302,20200228,73,165030073,225016855,25195,N,8,622,202003
20200302,20200228,73,165030073,225017602,25189,N,6,623,202003
20200302,20200228,73,165030073,225027248,25170,N,1,624,202003
20200302,20200228,73,165030073,225130326,25175,N,1,625,202003
20200302,20200228,73,165030073,225132081,25181,N,1,626,202003
20200302,20200228,73,165030073,225145419,25204,N,5,627,202003
20200302,20200228,73,165030073,225145422,25221,N,1,628,202003
20200302,20200228,73,165030073,225217158,25203,N,10,629,202003
20200302,20200228,73,165030073,225220825,25200,N,6,630,202003
20200302,20200228,73,165030073,225220952,25200,N,4,631,202003
20200302,20200228,73,165030073,225222168,25195,N,1,632,202003
20200302,20200228,73,165030073,225234004,25196,N,1,633,202003
20200302,20200228,73,165030073,225235354,25190,N,1,634,202003
20200302,20200228,73,165030073,225333967,25171,N,1,635,202003
20200302,20200228,73,165030073,225346354,25166,N,1,636,202003
20200302,20200228,73,165030073,225411358,25171,N,1,637,202003
20200302,20200228,73,165030073,225456388,25152,N,1,638,202003
20200302,20200228,73,165030073,225504032,25163,N,2,639,202003
20200302,20200228,73,165030073,225617032,25166,N,1,640,202003
20200302,20200228,73,165030073,225646565,25190,N,1,641,202003
20200302,20200228,73,165030073,225712956,25180,N,1,642,202003
20200302,20200228,73,165030073,225715012,25168,N,2,643,202003
20200302,20200228,73,165030073,225818410,25164,N,1,644,202003
20200302,20200228,73,165030073,225821733,25135,N,1,645,202003
20200302,20200228,73,165030073,225821736,25118,N,1,646,202003
20200302,20200228,73,165030073,225821737,25118,N,1,647,202003
20200302,20200228,73,165030073,225830217,25116,N,1,648,202003
20200302,20200228,73,165030073,225831672,25108,N,1,649,202003
20200302,20200228,73,165030073,225832970,25098,N,2,650,202003
20200302,20200228,73,165030073,225918118,25108,N,1,651,202003
20200302,20200228,73,165030073,225923117,25103,N,5,652,202003
20200302,20200228,73,165030073,225932873,25110,N,10,653,202003
20200302,20200228,73,165030073,225932873,25109,N,10,654,202003
20200302,20200228,73,165030073,225932873,25108,N,10,655,202003
20200302,20200228,73,165030073,225932991,25102,N,10,656,202003
20200302,20200228,73,165030073,225932991,25101,N,10,657,202003
20200302,20200228,73,165030073,225932991,25100,N,5,658,202003
20200302,20200228,73,165030073,230033036,25110,N,1,659,202003
20200302,20200228,73,165030073,230119122,25125,N,3,660,202003
20200302,20200228,73,165030073,230124556,25130,N,1,661,202003
20200302,20200228,73,165030073,230217267,25137,N,1,662,202003
20200302,20200228,73,165030073,230239935,25130,N,1,663,202003
20200302,20200228,73,165030073,230245344,25110,N,2,664,202003
20200302,20200228,73,165030073,230255859,25100,N,1,665,202003
20200302,20200228,73,165030073,230319940,25108,N,1,666,202003
20200302,20200228,73,165030073,230355247,25119,N,1,667,202003
20200302,20200228,73,165030073,230452273,25152,N,1,668,202003
20200302,20200228,73,165030073,230518562,25136,N,1,669,202003
20200302,20200228,73,165030073,230546026,25174,N,1,670,202003
20200302,20200228,73,165030073,230555014,25197,N,7,671,202003
20200302,20200228,73,165030073,230556598,25192,N,1,672,202003
20200302,20200228,73,165030073,230604880,25190,N,2,673,202003
20200302,20200228,73,165030073,230653396,25177,N,1,674,202003
20200302,20200228,73,165030073,230658356,25167,N,1,675,202003
20200302,20200228,73,165030073,230909192,25089,N,1,676,202003
20200302,20200228,73,165030073,230932682,25085,N,1,677,202003
20200302,20200228,73,165030073,231023681,25098,N,1,678,202003
20200302,20200228,73,165030073,231045601,25095,N,1,679,202003
20200302,20200228,73,165030073,231055090,25094,N,1,680,202003
20200302,20200228,73,165030073,231126901,25041,N,5,681,202003
20200302,20200228,73,165030073,231126904,25041,N,1,682,202003
20200302,20200228,73,165030073,231126953,25041,N,4,683,202003
20200302,20200228,73,165030073,231127081,25041,N,22,684,202003
20200302,20200228,73,165030073,231127084,25041,N,5,685,202003
20200302,20200228,73,165030073,231127209,25041,N,5,686,202003
20200302,20200228,73,165030073,231127379,25041,N,5,687,202003
20200302,20200228,73,165030073,231127498,25041,N,3,688,202003
20200302,20200228,73,165030073,231128831,25035,N,1,689,202003
20200302,20200228,73,165030073,231132813,25028,N,5,690,202003
20200302,20200228,73,165030073,231135777,25021,N,1,691,202003
20200302,20200228,73,165030073,231208909,25042,N,1,692,202003
20200302,20200228,73,165030073,231220556,25060,N,1,693,202003
20200302,20200228,73,165030073,231226772,25059,N,10,694,202003
20200302,20200228,73,165030073,231243196,25060,N,1,695,202003
20200302,20200228,73,165030073,231257720,25037,N,2,696,202003
20200302,20200228,73,165030073,231442572,25037,N,1,697,202003
20200302,20200228,73,165030073,231442696,25034,N,1,698,202003
20200302,20200228,73,165030073,231522824,25022,N,5,699,202003
20200302,20200228,73,165030073,231607908,25035,N,10,700,202003
20200302,20200228,73,165030073,231607908,25036,N,10,701,202003
20200302,20200228,73,165030073,231607908,25037,N,10,702,202003
20200302,20200228,73,165030073,231607908,25037,N,6,703,202003
20200302,20200228,73,165030073,231607933,25037,N,4,704,202003
20200302,20200228,73,165030073,231616277,25021,N,1,705,202003
20200302,20200228,73,165030073,231623918,25001,N,1,706,202003
20200302,20200228,73,165030073,231627109,25001,N,9,707,202003
20200302,20200228,73,165030073,231627785,25000,N,2,708,202003
20200302,20200228,73,165030073,231635013,24997,N,1,709,202003
20200302,20200228,73,165030073,231640797,24986,N,1,710,202003
20200302,20200228,73,165030073,231640797,24985,N,1,711,202003
20200302,20200228,73,165030073,231649681,24976,N,1,712,202003
20200302,20200228,73,165030073,231653902,24969,N,10,713,202003
20200302,20200228,73,165030073,231710943,24996,N,2,714,202003
20200302,20200228,73,165030073,231714788,24994,N,1,715,202003
20200302,20200228,73,165030073,231715623,24993,N,10,716,202003
20200302,20200228,73,165030073,231717281,24995,N,10,717,202003
20200302,20200228,73,165030073,231725645,24995,N,1,718,202003
20200302,20200228,73,165030073,231804249,24976,N,1,719,202003
20200302,20200228,73,165030073,231809321,24971,N,1,720,202003
20200302,20200228,73,165030073,231824975,24964,N,1,721,202003
20200302,20200228,73,165030073,231852592,24965,N,1,722,202003
20200302,20200228,73,165030073,231900761,24960,N,1,723,202003
20200302,20200228,73,165030073,231906978,24944,N,5,724,202003
20200302,20200228,73,165030073,231915862,24935,N,1,725,202003
20200302,20200228,73,165030073,231915987,24929,N,4,726,202003
20200302,20200228,73,165030073,231916111,24929,N,5,727,202003
20200302,20200228,73,165030073,231916189,24929,N,22,728,202003
20200302,20200228,73,165030073,231916194,24929,N,5,729,202003
20200302,20200228,73,165030073,231916195,24929,N,6,730,202003
20200302,20200228,73,165030073,231916200,24929,N,3,731,202003
20200302,20200228,73,165030073,231916249,24929,N,5,732,202003
20200302,20200228,73,165030073,231918683,24911,N,5,733,202003
20200302,20200228,73,165030073,231918807,24911,N,2,734,202003
20200302,20200228,73,165030073,231920846,24902,N,3,735,202003
20200302,20200228,73,165030073,231920848,24901,N,4,736,202003
20200302,20200228,73,165030073,231922121,24915,N,1,737,202003
20200302,20200228,73,165030073,231923156,24900,N,2,738,202003
20200302,20200228,73,165030073,231937136,24900,N,2,739,202003
20200302,20200228,73,165030073,231945387,24935,N,1,740,202003
20200302,20200228,73,165030073,231957738,24938,N,5,741,202003
20200302,20200228,73,165030073,232013397,24947,N,5,742,202003
20200302,20200228,73,165030073,232045995,24959,N,11,743,202003
20200302,20200228,73,165030073,232049566,24967,N,1,744,202003
20200302,20200228,73,165030073,232106384,24977,N,1,745,202003
20200302,20200228,73,165030073,232106393,24980,N,1,746,202003
20200302,20200228,73,165030073,232106396,24980,N,1,747,202003
20200302,20200228,73,165030073,232124840,24971,N,1,748,202003
20200302,20200228,73,165030073,232132564,24949,N,10,749,202003
20200302,20200228,73,165030073,232135326,24938,N,1,750,202003
20200302,20200228,73,165030073,232136912,24930,N,1,751,202003
20200302,20200228,73,165030073,232150333,24946,N,1,752,202003
20200302,20200228,73,165030073,232202075,24944,N,1,753,202003
20200302,20200228,73,165030073,232227575,24933,N,1,754,202003
20200302,20200228,73,165030073,232228297,24927,N,1,755,202003
20200302,20200228,73,165030073,232228700,24927,N,5,756,202003
20200302,20200228,73,165030073,232252130,24911,N,1,757,202003
20200302,20200228,73,165030073,232308387,24923,N,1,758,202003
20200302,20200228,73,165030073,232310686,24935,N,1,759,202003
20200302,20200228,73,165030073,232344400,24959,N,10,760,202003
20200302,20200228,73,165030073,232358966,24959,N,1,761,202003
20200302,20200228,73,165030073,232407115,24963,N,1,762,202003
20200302,20200228,73,165030073,232407128,24970,N,3,763,202003
20200302,20200228,73,165030073,232506219,25005,N,5,764,202003
20200302,20200228,73,165030073,232508976,24991,N,3,765,202003
20200302,20200228,73,165030073,232512758,25000,N,1,766,202003
20200302,20200228,73,165030073,232523870,24973,N,1,767,202003
20200302,20200228,73,165030073,232543115,24960,N,10,768,202003
20200302,20200228,73,165030073,232550536,24956,N,5,769,202003
20200302,20200228,73,165030073,232602865,24963,N,1,770,202003
20200302,20200228,73,165030073,232610402,24952,N,5,771,202003
20200302,20200228,73,165030073,232610402,24952,N,1,772,202003
20200302,20200228,73,165030073,232633247,24942,N,5,773,202003
20200302,20200228,73,165030073,232633365,24942,N,5,774,202003
20200302,20200228,73,165030073,232708904,24950,N,1,775,202003
20200302,20200228,73,165030073,232756547,24923,N,2,776,202003
20200302,20200228,73,165030073,232810119,24936,N,1,777,202003
20200302,20200228,73,165030073,232915491,24949,N,1,778,202003
20200302,20200228,73,165030073,232931591,24977,N,1,779,202003
20200302,20200228,73,165030073,232946790,24984,N,1,780,202003
20200302,20200228,73,165030073,233000013,25000,N,1,781,202003
20200302,20200228,73,165030073,233016840,24953,N,10,782,202003
20200302,20200228,73,165030073,233033916,25020,N,10,783,202003
20200302,20200228,73,165030073,233033916,25022,N,1,784,202003
20200302,20200228,73,165030073,233033916,25022,N,9,785,202003
20200302,20200228,73,165030073,233043284,25050,N,1,786,202003
20200302,20200228,73,165030073,233055933,25062,N,1,787,202003
20200302,20200228,73,165030073,233108067,25080,N,1,788,202003
20200302,20200228,73,165030073,233114576,25080,N,1,789,202003
20200302,20200228,73,165030073,233116514,25063,N,1,790,202003
20200302,20200228,73,165030073,233127559,25038,N,1,791,202003
20200302,20200228,73,165030073,233152267,25102,N,10,792,202003
20200302,20200228,73,165030073,233152342,25123,N,1,793,202003
20200302,20200228,73,165030073,233201059,25107,N,1,794,202003
20200302,20200228,73,165030073,233202466,25092,N,1,795,202003
20200302,20200228,73,165030073,233202875,25116,N,3,796,202003
20200302,20200228,73,165030073,233206318,25094,N,5,797,202003
20200302,20200228,73,165030073,233206746,25094,N,5,798,202003
20200302,20200228,73,165030073,233206775,25079,N,10,799,202003
20200302,20200228,73,165030073,233212994,25115,N,1,800,202003
20200302,20200228,73,165030073,233215670,25114,N,10,801,202003
20200302,20200228,73,165030073,233215786,25127,N,1,802,202003
20200302,20200228,73,165030073,233217435,25110,N,1,803,202003
20200302,20200228,73,165030073,233217675,25133,N,10,804,202003
20200302,20200228,73,165030073,233218347,25126,N,1,805,202003
20200302,20200228,73,165030073,233218347,25000,N,1,806,202003
20200302,20200228,73,165030073,233218347,24936,N,8,807,202003
20200302,20200228,73,165030073,233223670,25126,N,10,808,202003
20200302,20200228,73,165030073,233318144,25198,N,3,809,202003
20200302,20200228,73,165030073,233319400,25186,N,1,810,202003
20200302,20200228,73,165030073,233322349,25173,N,1,811,202003
20200302,20200228,73,165030073,233322784,25165,N,2,812,202003
20200302,20200228,73,165030073,233322815,25165,N,2,813,202003
20200302,20200228,73,165030073,233327403,25151,N,1,814,202003
20200302,20200228,73,165030073,233327409,25151,N,5,815,202003
20200302,20200228,73,165030073,233332771,25121,N,2,816,202003
20200302,20200228,73,165030073,233346956,25092,N,2,817,202003
20200302,20200228,73,165030073,233409835,25160,N,1,818,202003
20200302,20200228,73,165030073,233433215,25244,N,3,819,202003
20200302,20200228,73,165030073,233447911,25208,N,10,820,202003
20200302,20200228,73,165030073,233447911,25204,N,10,821,202003
20200302,20200228,73,165030073,233447911,25203,N,10,822,202003
20200302,20200228,73,165030073,233448786,25196,N,2,823,202003
20200302,20200228,73,165030073,233507757,25201,N,2,824,202003
20200302,20200228,73,165030073,233518750,25233,N,2,825,202003
20200302,20200228,73,165030073,233546606,25213,N,1,826,202003
20200302,20200228,73,165030073,233554366,25214,N,3,827,202003
20200302,20200228,73,165030073,233605702,25246,N,1,828,202003
20200302,20200228,73,165030073,233608752,25254,N,1,829,202003
20200302,20200228,73,165030073,233627650,25282,N,1,830,202003
20200302,20200228,73,165030073,233629460,25298,N,10,831,202003
20200302,20200228,73,165030073,233641898,25335,N,1,832,202003
20200302,20200228,73,165030073,233641999,25356,N,1,833,202003
20200302,20200228,73,165030073,233645065,25320,N,1,834,202003
20200302,20200228,73,165030073,233647879,25301,N,1,835,202003
20200302,20200228,73,165030073,233652744,25312,N,10,836,202003
20200302,20200228,73,165030073,233706906,25275,N,1,837,202003
20200302,20200228,73,165030073,233721558,25272,N,2,838,202003
20200302,20200228,73,165030073,233724708,25273,N,1,839,202003
20200302,20200228,73,165030073,233803028,25266,N,10,840,202003
20200302,20200228,73,165030073,233807167,25251,N,10,841,202003
20200302,20200228,73,165030073,233820342,25239,N,1,842,202003
20200302,20200228,73,165030073,233830980,25279,N,3,843,202003
20200302,20200228,73,165030073,233831942,25291,N,5,844,202003
20200302,20200228,73,165030073,233841711,25277,N,1,845,202003
20200302,20200228,73,165030073,233848369,25257,N,5,846,202003
20200302,20200228,73,165030073,233902122,25303,N,1,847,202003
20200302,20200228,73,165030073,233936158,25294,N,1,848,202003
20200302,20200228,73,165030073,234000349,25264,N,1,849,202003
20200302,20200228,73,165030073,234020371,25264,N,1,850,202003
20200302,20200228,73,165030073,234027299,25252,N,2,851,202003
20200302,20200228,73,165030073,234038726,25218,N,1,852,202003
20200302,20200228,73,165030073,234055518,25211,N,10,853,202003
20200302,20200228,73,165030073,234055521,25215,N,10,854,202003
20200302,20200228,73,165030073,234055521,25216,N,1,855,202003
20200302,20200228,73,165030073,234138013,25220,N,10,856,202003
20200302,20200228,73,165030073,234138013,25220,N,6,857,202003
20200302,20200228,73,165030073,234138133,25220,N,4,858,202003
20200302,20200228,73,165030073,234206144,25294,N,8,859,202003
20200302,20200228,73,165030073,234208437,25300,N,1,860,202003
20200302,20200228,73,165030073,234218580,25329,N,1,861,202003
20200302,20200228,73,165030073,234225716,25301,N,1,862,202003
20200302,20200228,73,165030073,234236143,25262,N,1,863,202003
20200302,20200228,73,165030073,234303162,25300,N,1,864,202003
20200302,20200228,73,165030073,234400633,25250,N,1,865,202003
20200302,20200228,73,165030073,234412382,25237,N,1,866,202003
20200302,20200228,73,165030073,234417688,25215,N,1,867,202003
20200302,20200228,73,165030073,234433634,25177,N,1,868,202003
20200302,20200228,73,165030073,234433637,25177,N,2,869,202003
20200302,20200228,73,165030073,234441056,25145,N,10,870,202003
20200302,20200228,73,165030073,234509208,25116,N,5,871,202003
20200302,20200228,73,165030073,234509211,25085,N,3,872,202003
20200302,20200228,73,165030073,234534858,25086,N,1,873,202003
20200302,20200228,73,165030073,234536212,25085,N,3,874,202003
20200302,20200228,73,165030073,234539669,25072,N,1,875,202003
20200302,20200228,73,165030073,234543086,25050,N,2,876,202003
20200302,20200228,73,165030073,234552160,25047,N,5,877,202003
20200302,20200228,73,165030073,234629691,25092,N,10,878,202003
20200302,20200228,73,165030073,234629971,25107,N,1,879,202003
20200302,20200228,73,165030073,234706517,25110,N,1,880,202003
20200302,20200228,73,165030073,234707499,25120,N,1,881,202003
20200302,20200228,73,165030073,234709325,25107,N,5,882,202003
20200302,20200228,73,165030073,234745447,25110,N,1,883,202003
20200302,20200228,73,165030073,234803194,25096,N,2,884,202003
20200302,20200228,73,165030073,234848847,25081,N,1,885,202003
20200302,20200228,73,165030073,234925791,25099,N,1,886,202003
20200302,20200228,73,165030073,234932004,25110,N,1,887,202003
20200302,20200228,73,165030073,234936324,25081,N,5,888,202003
20200302,20200228,73,165030073,234936352,25081,N,5,889,202003
20200302,20200228,73,165030073,234936442,25081,N,5,890,202003
20200302,20200228,73,165030073,234936445,25081,N,6,891,202003
20200302,20200228,73,165030073,234939082,25081,N,9,892,202003
20200302,20200228,73,165030073,234956960,25042,N,1,893,202003
20200302,20200228,73,165030073,235026847,25036,N,10,894,202003
20200302,20200228,73,165030073,235045314,25023,N,1,895,202003
20200302,20200228,73,165030073,235053062,25000,N,2,896,202003
20200302,20200228,73,165030073,235058652,25013,N,5,897,202003
20200302,20200228,73,165030073,235153504,25030,N,1,898,202003
20200302,20200228,73,165030073,235156683,25031,N,10,899,202003
20200302,20200228,73,165030073,235208105,25061,N,1,900,202003
20200302,20200228,73,165030073,235209982,25035,N,3,901,202003
20200302,20200228,73,165030073,235306151,24997,N,1,902,202003
20200302,20200228,73,165030073,235313895,24986,N,1,903,202003
20200302,20200228,73,165030073,235334794,24981,N,2,904,202003
20200302,20200228,73,165030073,235410513,24975,N,5,905,202003
20200302,20200228,73,165030073,235410515,24960,N,5,906,202003
20200302,20200228,73,165030073,235429256,24940,N,1,907,202003
20200302,20200228,73,165030073,235436611,24921,N,1,908,202003
20200302,20200228,73,165030073,235456461,24960,N,1,909,202003
20200302,20200228,73,165030073,235505011,24927,N,3,910,202003
20200302,20200228,73,165030073,235508680,24900,N,10,911,202003
20200302,20200228,73,165030073,235512164,24885,N,5,912,202003
20200302,20200228,73,165030073,235512167,24885,N,1,913,202003
20200302,20200228,73,165030073,235513793,24883,N,1,914,202003
20200302,20200228,73,165030073,235514269,24880,N,1,915,202003
20200302,20200228,73,165030073,235514918,24875,N,5,916,202003
20200302,20200228,73,165030073,235514918,24873,N,1,917,202003
20200302,20200228,73,165030073,235516984,24865,N,10,918,202003
20200302,20200228,73,165030073,235517999,24860,N,2,919,202003
20200302,20200228,73,165030073,235518073,24853,N,1,920,202003
20200302,20200228,73,165030073,235518303,24855,N,1,921,202003
20200302,20200228,73,165030073,235534003,24901,N,5,922,202003
20200302,20200228,73,165030073,235534303,24884,N,1,923,202003
20200302,20200228,73,165030073,235540742,24873,N,1,924,202003
20200302,20200228,73,165030073,235552026,24892,N,2,925,202003
20200302,20200228,73,165030073,235559065,24880,N,1,926,202003
20200302,20200228,73,165030073,235559866,24874,N,2,927,202003
20200302,20200228,73,165030073,235602677,24858,N,1,928,202003
20200302,20200228,73,165030073,235619012,24915,N,10,929,202003
20200302,20200228,73,165030073,235633373,24900,N,1,930,202003
20200302,20200228,73,165030073,235642771,24890,N,3,931,202003
20200302,20200228,73,165030073,235653856,24885,N,1,932,202003
20200302,20200228,73,165030073,235654208,24871,N,10,933,202003
20200302,20200228,73,165030073,235656954,24860,N,5,934,202003
20200302,20200228,73,165030073,235656955,24860,N,5,935,202003
20200302,20200228,73,165030073,235658553,24850,N,5,936,202003
20200302,20200228,73,165030073,235658617,24846,N,5,937,202003
20200302,20200228,73,165030073,235708600,24901,N,10,938,202003
20200302,20200228,73,165030073,235712151,24882,N,10,939,202003
20200302,20200228,73,165030073,235722180,24869,N,1,940,202003
20200302,20200228,73,165030073,235734786,24860,N,5,941,202003
20200302,20200228,73,165030073,235739003,24850,N,1,942,202003
20200302,20200228,73,165030073,235741075,24845,N,5,943,202003
20200302,20200228,73,165030073,235741620,24835,N,6,944,202003
20200302,20200228,73,165030073,235741620,24825,N,4,945,202003
20200302,20200228,73,165030073,235741623,24825,N,1,946,202003
20200302,20200228,73,165030073,235742266,24815,N,1,947,202003
20200302,20200228,73,165030073,235754674,24815,N,4,948,202003
20200302,20200228,73,165030073,235801928,24800,N,5,949,202003
20200302,20200228,73,165030073,235801928,24800,N,6,950,202003
20200302,20200228,73,165030073,235801929,24800,N,2,951,202003
20200302,20200228,73,165030073,235801932,24785,N,1,952,202003
20200302,20200228,73,165030073,235801932,24774,N,1,953,202003
20200302,20200228,73,165030073,235823398,24775,N,1,954,202003
20200302,20200228,73,165030073,235824111,24775,N,1,955,202003
20200302,20200228,73,165030073,235826921,24775,N,1,956,202003
20200302,20200228,73,165030073,235844366,24850,N,1,957,202003
20200302,20200228,73,165030073,235845189,24851,N,1,958,202003
20200302,20200228,73,165030073,235846744,24776,N,2,959,202003
20200302,20200228,73,165030073,235851216,24892,N,10,960,202003
20200302,20200228,73,165030073,235909063,24861,N,1,961,202003
20200302,20200228,73,165030073,235909952,24873,N,1,962,202003
20200302,20200228,73,165030073,235935811,24873,N,1,963,202003
20200302,20200228,73,165030073,235949459,24786,N,9,964,202003
20200302,20200228,73,165030073,235949777,24880,N,2,965,202003
20200302,20200228,73,165030073,235950081,24973,N,1,966,202003
20200302,20200228,73,165030073,000021203,24937,N,2,967,202003
20200302,20200228,73,165030073,000046407,24831,N,1,968,202003
20200302,20200228,73,165030073,000053821,24847,N,5,969,202003
20200302,20200228,73,165030073,000107875,24802,N,1,970,202003
20200302,20200228,73,165030073,000109447,24806,N,1,971,202003
20200302,20200228,73,165030073,000127948,24806,N,1,972,202003
20200302,20200228,73,165030073,000137115,24824,N,1,973,202003
20200302,20200228,73,165030073,000141637,24831,N,1,974,202003
20200302,20200228,73,165030073,000150378,24816,N,10,975,202003
20200302,20200228,73,165030073,000150378,24817,N,10,976,202003
20200302,20200228,73,165030073,000154418,24822,N,1,977,202003
20200302,20200228,73,165030073,000200463,24820,N,1,978,202003
20200302,20200228,73,165030073,000202371,24810,N,1,979,202003
20200302,20200228,73,165030073,000210859,24800,N,1,980,202003
20200302,20200228,73,165030073,000212264,24785,N,1,981,202003
20200302,20200228,73,165030073,000215213,24777,N,10,982,202003
20200302,20200228,73,165030073,000216048,24774,N,1,983,202003
20200302,20200228,73,165030073,000217125,24770,N,1,984,202003
20200302,20200228,73,165030073,000218154,24754,N,10,985,202003
20200302,20200228,73,165030073,000218154,24753,N,1,986,202003
20200302,20200228,73,165030073,000218157,24753,N,1,987,202003
20200302,20200228,73,165030073,000218157,24752,N,1,988,202003
20200302,20200228,73,165030073,000218157,24750,N,7,989,202003
20200302,20200228,73,165030073,000218303,24761,N,5,990,202003
20200302,20200228,73,165030073,000220985,24774,N,2,991,202003
20200302,20200228,73,165030073,000221667,24752,N,1,992,202003
20200302,20200228,73,165030073,000228311,24755,N,5,993,202003
20200302,20200228,73,165030073,000231562,24735,N,2,994,202003
20200302,20200228,73,165030073,000237864,24721,N,2,995,202003
20200302,20200228,73,165030073,000247304,24745,N,1,996,202003
20200302,20200228,73,165030073,000250802,24711,N,5,997,202003
20200302,20200228,73,165030073,000250816,24711,N,5,998,202003
20200302,20200228,73,165030073,000250820,24711,N,5,999,202003
20200302,20200228,73,165030073,000250853,24711,N,1,1000,202003
20200302,20200228,73,165030073,000250853,24711,N,9,1001,202003
20200302,20200228,73,165030073,000251193,24713,N,1,1002,202003
20200302,20200228,73,165030073,000254700,24712,N,3,1003,202003
20200302,20200228,73,165030073,000255120,24724,N,5,1004,202003
20200302,20200228,73,165030073,000256142,24711,N,5,1005,202003
20200302,20200228,73,165030073,000300765,24713,N,1,1006,202003
20200302,20200228,73,165030073,000300806,24725,N,1,1007,202003
20200302,20200228,73,165030073,000303099,24730,N,1,1008,202003
20200302,20200228,73,165030073,000307284,24712,N,5,1009,202003
20200302,20200228,73,165030073,000313712,24726,N,1,1010,202003
20200302,20200228,73,165030073,000317561,24710,N,1,1011,202003
20200302,20200228,73,165030073,000319642,24710,N,1,1012,202003
20200302,20200228,73,165030073,000320230,24710,N,10,1013,202003
20200302,20200228,73,165030073,000320230,24711,N,10,1014,202003
20200302,20200228,73,165030073,000320395,24700,N,5,1015,202003
20200302,20200228,73,165030073,000320400,24685,N,1,1016,202003
20200302,20200228,73,165030073,000320400,24675,N,2,1017,202003
20200302,20200228,73,165030073,000324727,24703,N,1,1018,202003
20200302,20200228,73,165030073,000326179,24683,N,2,1019,202003
20200302,20200228,73,165030073,000333336,24705,N,1,1020,202003
20200302,20200228,73,165030073,000406754,24694,N,10,1021,202003
20200302,20200228,73,165030073,000413403,24700,N,2,1022,202003
20200302,20200228,73,165030073,000423940,24714,N,1,1023,202003
20200302,20200228,73,165030073,000435704,24693,N,1,1024,202003
20200302,20200228,73,165030073,000439730,24685,N,10,1025,202003
20200302,20200228,73,165030073,000448521,24673,N,1,1026,202003
20200302,20200228,73,165030073,000501031,24686,N,10,1027,202003
20200302,20200228,73,165030073,000503334,24684,N,1,1028,202003
20200302,20200228,73,165030073,000510391,24724,N,2,1029,202003
20200302,20200228,73,165030073,000510767,24708,N,4,1030,202003
20200302,20200228,73,165030073,000512494,24727,N,10,1031,202003
20200302,20200228,73,165030073,000512499,24732,N,8,1032,202003
20200302,20200228,73,165030073,000519934,24760,N,3,1033,202003
20200302,20200228,73,165030073,000520203,24744,N,2,1034,202003
20200302,20200228,73,165030073,000520391,24760,N,5,1035,202003
20200302,20200228,73,165030073,000520571,24760,N,1,1036,202003
20200302,20200228,73,165030073,000520719,24760,N,1,1037,202003
20200302,20200228,73,165030073,000544837,24818,N,1,1038,202003
20200302,20200228,73,165030073,000544840,24818,N,1,1039,202003
20200302,20200228,73,165030073,000604726,24880,N,6,1040,202003
20200302,20200228,73,165030073,000606654,24856,N,1,1041,202003
20200302,20200228,73,165030073,000620687,24884,N,1,1042,202003
20200302,20200228,73,165030073,000624726,24873,N,1,1043,202003
20200302,20200228,73,165030073,000626392,24861,N,1,1044,202003
20200302,20200228,73,165030073,000647132,24802,N,1,1045,202003
20200302,20200228,73,165030073,000655876,24800,N,1,1046,202003
20200302,20200228,73,165030073,000657055,24774,N,1,1047,202003
20200302,20200228,73,165030073,000658766,24792,N,1,1048,202003
20200302,20200228,73,165030073,000708938,24760,N,11,1049,202003
20200302,20200228,73,165030073,000709039,24760,N,1,1050,202003
20200302,20200228,73,165030073,000733311,24770,N,1,1051,202003
20200302,20200228,73,165030073,000740720,24786,N,10,1052,202003
20200302,20200228,73,165030073,000741100,24773,N,1,1053,202003
20200302,20200228,73,165030073,000751277,24795,N,1,1054,202003
20200302,20200228,73,165030073,000816560,24785,N,1,1055,202003
20200302,20200228,73,165030073,000816969,24783,N,1,1056,202003
20200302,20200228,73,165030073,000828340,24744,N,1,1057,202003
20200302,20200228,73,165030073,000829331,24767,N,5,1058,202003
20200302,20200228,73,165030073,000834621,24768,N,1,1059,202003
20200302,20200228,73,165030073,000843135,24793,N,1,1060,202003
20200302,20200228,73,165030073,001009229,24802,N,2,1061,202003
20200302,20200228,73,165030073,001011416,24791,N,1,1062,202003
20200302,20200228,73,165030073,001107169,24787,N,10,1063,202003
20200302,20200228,73,165030073,001206266,24776,N,1,1064,202003
20200302,20200228,73,165030073,001227710,24775,N,1,1065,202003
20200302,20200228,73,165030073,001228404,24780,N,5,1066,202003
20200302,20200228,73,165030073,001236372,24776,N,1,1067,202003
20200302,20200228,73,165030073,001326613,24780,N,1,1068,202003
20200302,20200228,73,165030073,001406796,24759,N,1,1069,202003
20200302,20200228,73,165030073,001406799,24743,N,5,1070,202003
20200302,20200228,73,165030073,001423904,24760,N,1,1071,202003
20200302,20200228,73,165030073,001504227,24750,N,5,1072,202003
20200302,20200228,73,165030073,001521854,24780,N,5,1073,202003
20200302,20200228,73,165030073,001523561,24780,N,5,1074,202003
20200302,20200228,73,165030073,001526935,24794,N,1,1075,202003
20200302,20200228,73,165030073,001606502,24844,N,3,1076,202003
20200302,20200228,73,165030073,001620170,24898,N,1,1077,202003
20200302,20200228,73,165030073,001620642,24900,N,1,1078,202003
20200302,20200228,73,165030073,001644622,24933,N,1,1079,202003
20200302,20200228,73,165030073,001659744,24904,N,1,1080,202003
20200302,20200228,73,165030073,001707060,24901,N,1,1081,202003
20200302,20200228,73,165030073,001708343,24903,N,1,1082,202003
20200302,20200228,73,165030073,001716958,24915,N,1,1083,202003
20200302,20200228,73,165030073,001717492,24923,N,3,1084,202003
20200302,20200228,73,165030073,001720305,24928,N,1,1085,202003
20200302,20200228,73,165030073,001721812,24944,N,2,1086,202003
20200302,20200228,73,165030073,001743717,24950,N,1,1087,202003
20200302,20200228,73,165030073,001747190,24974,N,1,1088,202003
20200302,20200228,73,165030073,001749496,24980,N,1,1089,202003
20200302,20200228,73,165030073,001756383,24989,N,10,1090,202003
20200302,20200228,73,165030073,001800643,24973,N,10,1091,202003
20200302,20200228,73,165030073,001802343,24963,N,10,1092,202003
20200302,20200228,73,165030073,001804134,24953,N,10,1093,202003
20200302,20200228,73,165030073,001807004,24967,N,10,1094,202003
20200302,20200228,73,165030073,001809014,24953,N,10,1095,202003
20200302,20200228,73,165030073,001811548,24958,N,5,1096,202003
20200302,20200228,73,165030073,001811714,24960,N,5,1097,202003
20200302,20200228,73,165030073,001817678,24961,N,1,1098,202003
20200302,20200228,73,165030073,001820881,24957,N,6,1099,202003
20200302,20200228,73,165030073,001826713,24946,N,3,1100,202003
20200302,20200228,73,165030073,001835104,24951,N,1,1101,202003
20200302,20200228,73,165030073,001848896,24949,N,1,1102,202003
20200302,20200228,73,165030073,001851128,24949,N,1,1103,202003
20200302,20200228,73,165030073,001853182,24939,N,1,1104,202003
20200302,20200228,73,165030073,001910073,24917,N,1,1105,202003
20200302,20200228,73,165030073,001934293,24901,N,5,1106,202003
20200302,20200228,73,165030073,001935935,24900,N,11,1107,202003
20200302,20200228,73,165030073,001936055,24905,N,3,1108,202003
20200302,20200228,73,165030073,001936186,24905,N,5,1109,202003
20200302,20200228,73,165030073,001937207,24902,N,10,1110,202003
20200302,20200228,73,165030073,001944052,24921,N,10,1111,202003
20200302,20200228,73,165030073,001944052,24920,N,10,1112,202003
20200302,20200228,73,165030073,001944052,24919,N,10,1113,202003
20200302,20200228,73,165030073,001944052,24917,N,10,1114,202003
20200302,20200228,73,165030073,001944052,24916,N,10,1115,202003
20200302,20200228,73,165030073,001957463,24818,N,9,1116,202003
20200302,20200228,73,165030073,001959013,24922,N,5,1117,202003
20200302,20200228,73,165030073,001959270,24923,N,5,1118,202003
20200302,20200228,73,165030073,001959270,24923,N,5,1119,202003
20200302,20200228,73,165030073,002000550,24928,N,1,1120,202003
20200302,20200228,73,165030073,002040660,24928,N,2,1121,202003
20200302,20200228,73,165030073,002151593,24914,N,10,1122,202003
20200302,20200228,73,165030073,002223536,24820,N,1,1123,202003
20200302,20200228,73,165030073,002318255,24823,N,1,1124,202003
20200302,20200228,73,165030073,002320293,24800,N,1,1125,202003
20200302,20200228,73,165030073,002324515,24818,N,10,1126,202003
20200302,20200228,73,165030073,002326250,24800,N,1,1127,202003
20200302,20200228,73,165030073,002358486,24827,N,1,1128,202003
20200302,20200228,73,165030073,002403891,24827,N,10,1129,202003
20200302,20200228,73,165030073,002403893,24827,N,10,1130,202003
20200302,20200228,73,165030073,002509776,24849,N,1,1131,202003
20200302,20200228,73,165030073,002519419,24847,N,5,1132,202003
20200302,20200228,73,165030073,002539591,24861,N,10,1133,202003
20200302,20200228,73,165030073,002623485,24902,N,1,1134,202003
20200302,20200228,73,165030073,002711455,24832,N,1,1135,202003
20200302,20200228,73,165030073,002733745,24831,N,1,1136,202003
20200302,20200228,73,165030073,002740379,24830,N,1,1137,202003
20200302,20200228,73,165030073,002743830,24814,N,1,1138,202003
20200302,20200228,73,165030073,002745236,24812,N,3,1139,202003
20200302,20200228,73,165030073,002748470,24811,N,10,1140,202003
20200302,20200228,73,165030073,002753662,24828,N,1,1141,202003
20200302,20200228,73,165030073,002801020,24801,N,10,1142,202003
20200302,20200228,73,165030073,002801022,24800,N,1,1143,202003
20200302,20200228,73,165030073,002805092,24789,N,10,1144,202003
20200302,20200228,73,165030073,002805092,24788,N,1,1145,202003
20200302,20200228,73,165030073,002812036,24787,N,1,1146,202003
20200302,20200228,73,165030073,002819958,24809,N,10,1147,202003
20200302,20200228,73,165030073,002821387,24823,N,3,1148,202003
20200302,20200228,73,165030073,002910887,24800,N,1,1149,202003
20200302,20200228,73,165030073,002918726,24783,N,5,1150,202003
20200302,20200228,73,165030073,002918982,24789,N,1,1151,202003
20200302,20200228,73,165030073,002925309,24799,N,1,1152,202003
20200302,20200228,73,165030073,002937580,24780,N,3,1153,202003
20200302,20200228,73,165030073,002944334,24751,N,1,1154,202003
20200302,20200228,73,165030073,002952612,24721,N,2,1155,202003
20200302,20200228,73,165030073,002952612,24720,N,1,1156,202003
20200302,20200228,73,165030073,002953139,24709,N,1,1157,202003
20200302,20200228,73,165030073,002954212,24700,N,7,1158,202003
20200302,20200228,73,165030073,003001280,24680,N,3,1159,202003
20200302,20200228,73,165030073,003014486,24700,N,1,1160,202003
20200302,20200228,73,165030073,003018885,24721,N,3,1161,202003
20200302,20200228,73,165030073,003022607,24725,N,1,1162,202003
20200302,20200228,73,165030073,003027279,24735,N,1,1163,202003
20200302,20200228,73,165030073,003046001,24725,N,1,1164,202003
20200302,20200228,73,165030073,003051727,24749,N,1,1165,202003
20200302,20200228,73,165030073,003052846,24748,N,1,1166,202003
20200302,20200228,73,165030073,003224318,24710,N,1,1167,202003
20200302,20200228,73,165030073,003345361,24813,N,10,1168,202003
20200302,20200228,73,165030073,003345361,24815,N,10,1169,202003
20200302,20200228,73,165030073,003348307,24820,N,1,1170,202003
20200302,20200228,73,165030073,003403479,24800,N,2,1171,202003
20200302,20200228,73,165030073,003405016,24782,N,5,1172,202003
20200302,20200228,73,165030073,003414623,24766,N,3,1173,202003
20200302,20200228,73,165030073,003520278,24884,N,2,1174,202003
20200302,20200228,73,165030073,003628971,24779,N,1,1175,202003
20200302,20200228,73,165030073,003703516,24809,N,1,1176,202003
20200302,20200228,73,165030073,003719655,24790,N,1,1177,202003
20200302,20200228,73,165030073,003754462,24850,N,2,1178,202003
20200302,20200228,73,165030073,003757770,24776,N,1,1179,202003
20200302,20200228,73,165030073,003932192,24781,N,1,1180,202003
20200302,20200228,73,165030073,003939083,24776,N,1,1181,202003
20200302,20200228,73,165030073,003939083,24775,N,4,1182,202003
20200302,20200228,73,165030073,003939085,24775,N,1,1183,202003
20200302,20200228,73,165030073,004024219,24825,N,4,1184,202003
20200302,20200228,73,165030073,004126633,24812,N,10,1185,202003
20200302,20200228,73,165030073,004145904,24820,N,9,1186,202003
20200302,20200228,73,165030073,004222017,24780,N,10,1187,202003
20200302,20200228,73,165030073,004224066,24787,N,10,1188,202003
20200302,20200228,73,165030073,004233701,24777,N,1,1189,202003
20200302,20200228,73,165030073,004241825,24770,N,1,1190,202003
20200302,20200228,73,165030073,004245888,24772,N,1,1191,202003
20200302,20200228,73,165030073,004308017,24739,N,1,1192,202003
20200302,20200228,73,165030073,004314882,24748,N,3,1193,202003
20200302,20200228,73,165030073,004317806,24758,N,10,1194,202003
20200302,20200228,73,165030073,004451570,24759,N,10,1195,202003
20200302,20200228,73,165030073,004451571,24758,N,1,1196,202003
20200302,20200228,73,165030073,004507138,24782,N,1,1197,202003
20200302,20200228,73,165030073,004516005,24750,N,2,1198,202003
20200302,20200228,73,165030073,004551158,24762,N,1,1199,202003
20200302,20200228,73,165030073,004558923,24773,N,1,1200,202003
20200302,20200228,73,165030073,004602978,24744,N,1,1201,202003
20200302,20200228,73,165030073,004608779,24733,N,1,1202,202003
20200302,20200228,73,165030073,004608779,24727,N,10,1203,202003
20200302,20200228,73,165030073,004611721,24724,N,1,1204,202003
20200302,20200228,73,165030073,004733260,24759,N,1,1205,202003
20200302,20200228,73,165030073,004746226,24788,N,1,1206,202003
20200302,20200228,73,165030073,004757619,24820,N,2,1207,202003
20200302,20200228,73,165030073,004812760,24811,N,1,1208,202003
20200302,20200228,73,165030073,004815125,24817,N,10,1209,202003
20200302,20200228,73,165030073,004911328,24758,N,3,1210,202003
20200302,20200228,73,165030073,005020646,24800,N,1,1211,202003
20200302,20200228,73,165030073,005023209,24786,N,1,1212,202003
20200302,20200228,73,165030073,005135281,24820,N,1,1213,202003
20200302,20200228,73,165030073,005137214,24830,N,1,1214,202003
20200302,20200228,73,165030073,005143113,24842,N,3,1215,202003
20200302,20200228,73,165030073,005211902,24876,N,1,1216,202003
20200302,20200228,73,165030073,005211906,24876,N,1,1217,202003
20200302,20200228,73,165030073,005241712,24882,N,1,1218,202003
20200302,20200228,73,165030073,005245966,24900,N,5,1219,202003
20200302,20200228,73,165030073,005245966,24900,N,6,1220,202003
20200302,20200228,73,165030073,005247329,24900,N,1,1221,202003
20200302,20200228,73,165030073,005255857,24895,N,2,1222,202003
20200302,20200228,73,165030073,005302133,24895,N,5,1223,202003
20200302,20200228,73,165030073,005302133,24895,N,5,1224,202003
20200302,20200228,73,165030073,005302251,24895,N,5,1225,202003
20200302,20200228,73,165030073,005302343,24895,N,5,1226,202003
20200302,20200228,73,165030073,005302383,24895,N,4,1227,202003
20200302,20200228,73,165030073,005305741,24895,N,3,1228,202003
20200302,20200228,73,165030073,005306080,24895,N,5,1229,202003
20200302,20200228,73,165030073,005306080,24895,N,5,1230,202003
20200302,20200228,73,165030073,005306080,24895,N,6,1231,202003
20200302,20200228,73,165030073,005306086,24895,N,5,1232,202003
20200302,20200228,73,165030073,005306209,24893,N,5,1233,202003
20200302,20200228,73,165030073,005338849,24935,N,1,1234,202003
20200302,20200228,73,165030073,005348772,24941,N,1,1235,202003
20200302,20200228,73,165030073,005352149,24950,N,1,1236,202003
20200302,20200228,73,165030073,005416593,24998,N,1,1237,202003
20200302,20200228,73,165030073,005417108,24994,N,1,1238,202003
20200302,20200228,73,165030073,005423014,24988,N,2,1239,202003
20200302,20200228,73,165030073,005423975,24972,N,2,1240,202003
20200302,20200228,73,165030073,005427021,24977,N,1,1241,202003
20200302,20200228,73,165030073,005433895,24989,N,3,1242,202003
20200302,20200228,73,165030073,005440055,25000,N,5,1243,202003
20200302,20200228,73,165030073,005440322,25000,N,1,1244,202003
20200302,20200228,73,165030073,005440322,25000,N,4,1245,202003
20200302,20200228,73,165030073,005441462,25000,N,1,1246,202003
20200302,20200228,73,165030073,005511498,25000,N,1,1247,202003
20200302,20200228,73,165030073,005523679,25012,N,1,1248,202003
20200302,20200228,73,165030073,005523681,25012,N,1,1249,202003
20200302,20200228,73,165030073,005526973,24999,N,3,1250,202003
20200302,20200228,73,165030073,005536825,25000,N,1,1251,202003
20200302,20200228,73,165030073,005610928,24972,N,1,1252,202003
20200302,20200228,73,165030073,005701906,24913,N,6,1253,202003
20200302,20200228,73,165030073,005725080,24948,N,1,1254,202003
20200302,20200228,73,165030073,005743765,24958,N,3,1255,202003
20200302,20200228,73,165030073,005814241,24935,N,3,1256,202003
20200302,20200228,73,165030073,005816461,24964,N,3,1257,202003
20200302,20200228,73,165030073,005901292,24960,N,20,1258,202003
20200302,20200228,73,165030073,005911885,24989,N,2,1259,202003
20200302,20200228,73,165030073,005923331,25000,N,1,1260,202003
20200302,20200228,73,165030073,010000063,24985,N,1,1261,202003
20200302,20200228,73,165030073,010023706,25000,N,3,1262,202003
20200302,20200228,73,165030073,010025662,24980,N,1,1263,202003
20200302,20200228,73,165030073,010029709,24983,N,1,1264,202003
20200302,20200228,73,165030073,010037297,24963,N,10,1265,202003
20200302,20200228,73,165030073,010102249,24945,N,1,1266,202003
20200302,20200228,73,165030073,010228906,24870,N,1,1267,202003
20200302,20200228,73,165030073,010233518,24880,N,1,1268,202003
20200302,20200228,73,165030073,010239575,24850,N,1,1269,202003
20200302,20200228,73,165030073,010244785,24870,N,1,1270,202003
20200302,20200228,73,165030073,010323127,24915,N,2,1271,202003
20200302,20200228,73,165030073,010351191,24892,N,1,1272,202003
20200302,20200228,73,165030073,010630894,24863,N,10,1273,202003
20200302,20200228,73,165030073,010630894,24864,N,10,1274,202003
20200302,20200228,73,165030073,010633285,24857,N,2,1275,202003
20200302,20200228,73,165030073,010638427,24823,N,1,1276,202003
20200302,20200228,73,165030073,010704816,24823,N,1,1277,202003
20200302,20200228,73,165030073,010743669,24813,N,1,1278,202003
20200302,20200228,73,165030073,010806154,24812,N,2,1279,202003
20200302,20200228,73,165030073,010828241,24789,N,2,1280,202003
20200302,20200228,73,165030073,010828244,24789,N,1,1281,202003
20200302,20200228,73,165030073,010828270,24789,N,2,1282,202003
20200302,20200228,73,165030073,010828290,24789,N,3,1283,202003
20200302,20200228,73,165030073,010828290,24789,N,2,1284,202003
20200302,20200228,73,165030073,010828299,24789,N,5,1285,202003
20200302,20200228,73,165030073,010828403,24789,N,11,1286,202003
20200302,20200228,73,165030073,010828505,24789,N,4,1287,202003
20200302,20200228,73,165030073,010838867,24789,N,11,1288,202003
20200302,20200228,73,165030073,010838872,24789,N,5,1289,202003
20200302,20200228,73,165030073,010838875,24789,N,4,1290,202003
20200302,20200228,73,165030073,010929649,24773,N,5,1291,202003
20200302,20200228,73,165030073,010932417,24773,N,5,1292,202003
20200302,20200228,73,165030073,010932635,24773,N,2,1293,202003
20200302,20200228,73,165030073,010938752,24773,N,5,1294,202003
20200302,20200228,73,165030073,010944225,24768,N,2,1295,202003
20200302,20200228,73,165030073,011027367,24811,N,5,1296,202003
20200302,20200228,73,165030073,011027724,24823,N,4,1297,202003
20200302,20200228,73,165030073,011110001,24849,N,1,1298,202003
20200302,20200228,73,165030073,011120684,24838,N,1,1299,202003
20200302,20200228,73,165030073,011122252,24841,N,1,1300,202003
20200302,20200228,73,165030073,011147134,24853,N,1,1301,202003
20200302,20200228,73,165030073,011243154,24906,N,1,1302,202003
20200302,20200228,73,165030073,011306035,24878,N,10,1303,202003
20200302,20200228,73,165030073,011335336,24831,N,1,1304,202003
20200302,20200228,73,165030073,011556928,24924,N,1,1305,202003
20200302,20200228,73,165030073,011639417,24950,N,1,1306,202003
20200302,20200228,73,165030073,011739151,24952,N,1,1307,202003
20200302,20200228,73,165030073,011739151,24934,N,10,1308,202003
20200302,20200228,73,165030073,011811782,24925,N,5,1309,202003
20200302,20200228,73,165030073,011812274,24925,N,1,1310,202003
20200302,20200228,73,165030073,011830850,24953,N,1,1311,202003
20200302,20200228,73,165030073,011943594,24985,N,11,1312,202003
20200302,20200228,73,165030073,011943595,24985,N,5,1313,202003
20200302,20200228,73,165030073,011943596,24985,N,4,1314,202003
20200302,20200228,73,165030073,011951271,25000,N,1,1315,202003
20200302,20200228,73,165030073,011952264,25000,N,1,1316,202003
20200302,20200228,73,165030073,012002538,25002,N,4,1317,202003
20200302,20200228,73,165030073,012004707,25010,N,1,1318,202003
20200302,20200228,73,165030073,012012259,25007,N,1,1319,202003
20200302,20200228,73,165030073,012049975,25026,N,1,1320,202003
20200302,20200228,73,165030073,012106019,25030,N,10,1321,202003
20200302,20200228,73,165030073,012106019,25031,N,10,1322,202003
20200302,20200228,73,165030073,012106801,25027,N,1,1323,202003
20200302,20200228,73,165030073,012342017,24986,N,6,1324,202003
20200302,20200228,73,165030073,012425068,25027,N,1,1325,202003
20200302,20200228,73,165030073,012437621,25031,N,1,1326,202003
20200302,20200228,73,165030073,012520384,25042,N,2,1327,202003
20200302,20200228,73,165030073,012531380,25038,N,11,1328,202003
20200302,20200228,73,165030073,012531380,25039,N,9,1329,202003
20200302,20200228,73,165030073,012613892,24964,N,1,1330,202003
20200302,20200228,73,165030073,012621771,24959,N,1,1331,202003
20200302,20200228,73,165030073,012800269,25020,N,10,1332,202003
20200302,20200228,73,165030073,012816642,25035,N,2,1333,202003
20200302,20200228,73,165030073,013059846,25086,N,1,1334,202003
20200302,20200228,73,165030073,013103308,25088,N,1,1335,202003
20200302,20200228,73,165030073,013110022,25096,N,1,1336,202003
20200302,20200228,73,165030073,013122586,25096,N,5,1337,202003
20200302,20200228,73,165030073,013123675,25096,N,2,1338,202003
20200302,20200228,73,165030073,013216683,25126,N,2,1339,202003
20200302,20200228,73,165030073,013216685,25141,N,5,1340,202003
20200302,20200228,73,165030073,013219660,25143,N,23,1341,202003
20200302,20200228,73,165030073,013223336,25156,N,1,1342,202003
20200302,20200228,73,165030073,013249101,25146,N,1,1343,202003
20200302,20200228,73,165030073,013254613,25142,N,1,1344,202003
20200302,20200228,73,165030073,013311105,25131,N,5,1345,202003
20200302,20200228,73,165030073,013329205,25112,N,1,1346,202003
20200302,20200228,73,165030073,013348699,25130,N,3,1347,202003
20200302,20200228,73,165030073,013409387,25152,N,1,1348,202003
20200302,20200228,73,165030073,013418856,25147,N,1,1349,202003
20200302,20200228,73,165030073,013447607,25128,N,2,1350,202003
20200302,20200228,73,165030073,013452414,25120,N,1,1351,202003
20200302,20200228,73,165030073,013455891,25124,N,1,1352,202003
20200302,20200228,73,165030073,013523463,25108,N,1,1353,202003
20200302,20200228,73,165030073,013545626,25096,N,1,1354,202003
20200302,20200228,73,165030073,013603178,25102,N,1,1355,202003
20200302,20200228,73,165030073,013620787,25110,N,2,1356,202003
20200302,20200228,73,165030073,013805365,25159,N,2,1357,202003
20200302,20200228,73,165030073,013822782,25179,N,1,1358,202003
20200302,20200228,73,165030073,013844404,25188,N,1,1359,202003
20200302,20200228,73,165030073,013851307,25183,N,3,1360,202003
20200302,20200228,73,165030073,013914590,25210,N,1,1361,202003
20200302,20200228,73,165030073,013914592,25210,N,1,1362,202003
20200302,20200228,73,165030073,013915023,25195,N,1,1363,202003
20200302,20200228,73,165030073,013934847,25219,N,1,1364,202003
20200302,20200228,73,165030073,014015042,25240,N,2,1365,202003
20200302,20200228,73,165030073,014049327,25263,N,1,1366,202003
20200302,20200228,73,165030073,014049330,25280,N,2,1367,202003
20200302,20200228,73,165030073,014053403,25282,N,1,1368,202003
20200302,20200228,73,165030073,014058910,25301,N,4,1369,202003
20200302,20200228,73,165030073,014059954,25284,N,1,1370,202003
20200302,20200228,73,165030073,014104231,25278,N,1,1371,202003
20200302,20200228,73,165030073,014111007,25278,N,1,1372,202003
20200302,20200228,73,165030073,014121034,25283,N,1,1373,202003
20200302,20200228,73,165030073,014155255,25315,N,2,1374,202003
20200302,20200228,73,165030073,014212446,25314,N,1,1375,202003
20200302,20200228,73,165030073,014217903,25298,N,1,1376,202003
20200302,20200228,73,165030073,014235336,25319,N,1,1377,202003
20200302,20200228,73,165030073,014238249,25322,N,2,1378,202003
20200302,20200228,73,165030073,014244159,25350,N,1,1379,202003
20200302,20200228,73,165030073,014244159,25359,N,10,1380,202003
20200302,20200228,73,165030073,014244159,25360,N,10,1381,202003
20200302,20200228,73,165030073,014244159,25361,N,5,1382,202003
20200302,20200228,73,165030073,014249760,25367,N,2,1383,202003
20200302,20200228,73,165030073,014256533,25372,N,1,1384,202003
20200302,20200228,73,165030073,014303569,25382,N,11,1385,202003
20200302,20200228,73,165030073,014303569,25383,N,4,1386,202003
20200302,20200228,73,165030073,014314694,25459,N,10,1387,202003
20200302,20200228,73,165030073,014319514,25409,N,10,1388,202003
20200302,20200228,73,165030073,014331226,25430,N,1,1389,202003
20200302,20200228,73,165030073,014338730,25460,N,5,1390,202003
20200302,20200228,73,165030073,014338731,25460,N,5,1391,202003
20200302,20200228,73,165030073,014339970,25455,N,1,1392,202003
20200302,20200228,73,165030073,014346117,25443,N,3,1393,202003
20200302,20200228,73,165030073,014403231,25454,N,1,1394,202003
20200302,20200228,73,165030073,014411437,25429,N,1,1395,202003
20200302,20200228,73,165030073,014418418,25443,N,1,1396,202003
20200302,20200228,73,165030073,014427043,25448,N,11,1397,202003
20200302,20200228,73,165030073,014447086,25387,N,2,1398,202003
20200302,20200228,73,165030073,014456483,25395,N,1,1399,202003
20200302,20200228,73,165030073,014509082,25360,N,4,1400,202003
20200302,20200228,73,165030073,014525945,25344,N,1,1401,202003
20200302,20200228,73,165030073,014527214,25337,N,2,1402,202003
20200302,20200228,73,165030073,014533064,25317,N,10,1403,202003
20200302,20200228,73,165030073,014538119,25328,N,10,1404,202003
20200302,20200228,73,165030073,014553200,25297,N,11,1405,202003
20200302,20200228,73,165030073,014553200,25296,N,4,1406,202003
20200302,20200228,73,165030073,014613727,25295,N,10,1407,202003
20200302,20200228,73,165030073,014657558,25259,N,1,1408,202003
20200302,20200228,73,165030073,014715248,25228,N,1,1409,202003
20200302,20200228,73,165030073,014722117,25233,N,1,1410,202003
20200302,20200228,73,165030073,014738863,25253,N,1,1411,202003
20200302,20200228,73,165030073,014826824,25194,N,1,1412,202003
20200302,20200228,73,165030073,014833461,25182,N,1,1413,202003
20200302,20200228,73,165030073,014836109,25193,N,1,1414,202003
20200302,20200228,73,165030073,014841998,25198,N,1,1415,202003
20200302,20200228,73,165030073,014848295,25191,N,1,1416,202003
20200302,20200228,73,165030073,014920358,25228,N,2,1417,202003
20200302,20200228,73,165030073,014928274,25228,N,5,1418,202003
20200302,20200228,73,165030073,014941327,25229,N,1,1419,202003
20200302,20200228,73,165030073,014948659,25200,N,1,1420,202003
20200302,20200228,73,165030073,015017021,25258,N,2,1421,202003
20200302,20200228,73,165030073,015046720,25218,N,10,1422,202003
20200302,20200228,73,165030073,015109882,25195,N,1,1423,202003
20200302,20200228,73,165030073,015117467,25184,N,1,1424,202003
20200302,20200228,73,165030073,015158108,25137,N,1,1425,202003
20200302,20200228,73,165030073,015213636,25125,N,1,1426,202003
20200302,20200228,73,165030073,015236370,25094,N,1,1427,202003
20200302,20200228,73,165030073,015243620,25070,N,1,1428,202003
20200302,20200228,73,165030073,015248761,25070,N,2,1429,202003
20200302,20200228,73,165030073,015248761,25070,N,2,1430,202003
20200302,20200228,73,165030073,015250964,25076,N,2,1431,202003
20200302,20200228,73,165030073,015306325,25068,N,10,1432,202003
20200302,20200228,73,165030073,015306325,25067,N,1,1433,202003
20200302,20200228,73,165030073,015306327,25056,N,1,1434,202003
20200302,20200228,73,165030073,015437004,25051,N,2,1435,202003
20200302,20200228,73,165030073,015507031,25037,N,2,1436,202003
20200302,20200228,73,165030073,015545510,25103,N,2,1437,202003
20200302,20200228,73,165030073,015642832,24994,N,1,1438,202003
20200302,20200228,73,165030073,015657531,25000,N,10,1439,202003
20200302,20200228,73,165030073,015700762,25010,N,1,1440,202003
20200302,20200228,73,165030073,015719978,25024,N,11,1441,202003
20200302,20200228,73,165030073,015719978,25025,N,4,1442,202003
20200302,20200228,73,165030073,015743274,25040,N,10,1443,202003
20200302,20200228,73,165030073,015804091,25066,N,1,1444,202003
20200302,20200228,73,165030073,015955852,25065,N,6,1445,202003
20200302,20200228,73,165030073,015959571,25075,N,1,1446,202003
20200302,20200228,73,165030073,020058875,25018,N,1,1447,202003
20200302,20200228,73,165030073,020129678,24993,N,1,1448,202003
20200302,20200228,73,165030073,020143008,24998,N,1,1449,202003
20200302,20200228,73,165030073,020154555,24994,N,1,1450,202003
20200302,20200228,73,165030073,020155109,24974,N,1,1451,202003
20200302,20200228,73,165030073,020155112,24974,N,1,1452,202003
20200302,20200228,73,165030073,020236141,24950,N,2,1453,202003
20200302,20200228,73,165030073,020237245,24925,N,10,1454,202003
20200302,20200228,73,165030073,020237245,24924,N,2,1455,202003
20200302,20200228,73,165030073,020252577,24952,N,2,1456,202003
20200302,20200228,73,165030073,020605051,25043,N,1,1457,202003
20200302,20200228,73,165030073,020620173,25031,N,1,1458,202003
20200302,20200228,73,165030073,020714533,25069,N,1,1459,202003
20200302,20200228,73,165030073,020813286,25049,N,1,1460,202003
20200302,20200228,73,165030073,021217188,25049,N,1,1461,202003
20200302,20200228,73,165030073,021524328,25000,N,1,1462,202003
20200302,20200228,73,165030073,021531378,24988,N,1,1463,202003
20200302,20200228,73,165030073,021624605,25009,N,1,1464,202003
20200302,20200228,73,165030073,021705417,24988,N,1,1465,202003
20200302,20200228,73,165030073,022024201,25140,N,1,1466,202003
20200302,20200228,73,165030073,022039415,25125,N,5,1467,202003
20200302,20200228,73,165030073,022039667,25125,N,1,1468,202003
20200302,20200228,73,165030073,022039667,25125,N,4,1469,202003
20200302,20200228,73,165030073,022039670,25125,N,1,1470,202003
20200302,20200228,73,165030073,022107783,25126,N,1,1471,202003
20200302,20200228,73,165030073,022144173,25126,N,1,1472,202003
20200302,20200228,73,165030073,022305573,25117,N,1,1473,202003
20200302,20200228,73,165030073,022317828,25111,N,1,1474,202003
20200302,20200228,73,165030073,022318721,25103,N,10,1475,202003
20200302,20200228,73,165030073,022414541,25106,N,1,1476,202003
20200302,20200228,73,165030073,022445979,25100,N,1,1477,202003
20200302,20200228,73,165030073,022530423,25053,N,1,1478,202003
20200302,20200228,73,165030073,022733456,25127,N,1,1479,202003
20200302,20200228,73,165030073,022818148,25138,N,1,1480,202003
20200302,20200228,73,165030073,022905481,25157,N,1,1481,202003
20200302,20200228,73,165030073,022929493,25165,N,2,1482,202003
20200302,20200228,73,165030073,022938278,25151,N,1,1483,202003
20200302,20200228,73,165030073,023125397,25160,N,1,1484,202003
20200302,20200228,73,165030073,023318131,25219,N,1,1485,202003
20200302,20200228,73,165030073,023404991,25220,N,1,1486,202003
20200302,20200228,73,165030073,023409279,25234,N,1,1487,202003
20200302,20200228,73,165030073,023728890,25234,N,2,1488,202003
20200302,20200228,73,165030073,023728903,25234,N,8,1489,202003
20200302,20200228,73,165030073,023728904,25234,N,6,1490,202003
20200302,20200228,73,165030073,023728905,25234,N,1,1491,202003
20200302,20200228,73,165030073,023741450,25236,N,1,1492,202003
20200302,20200228,73,165030073,023801894,25267,N,1,1493,202003
20200302,20200228,73,165030073,023801900,25285,N,1,1494,202003
20200302,20200228,73,165030073,023801901,25285,N,1,1495,202003
20200302,20200228,73,165030073,023944354,25214,N,1,1496,202003
20200302,20200228,73,165030073,024056147,25244,N,5,1497,202003
20200302,20200228,73,165030073,024343799,25212,N,10,1498,202003
20200302,20200228,73,165030073,024343799,25208,N,10,1499,202003
20200302,20200228,73,165030073,024402120,25205,N,1,1500,202003
20200302,20200228,73,165030073,024449673,25188,N,11,1501,202003
20200302,20200228,73,165030073,024449673,25189,N,21,1502,202003
20200302,20200228,73,165030073,024449673,25192,N,10,1503,202003
20200302,20200228,73,165030073,024449673,25193,N,10,1504,202003
20200302,20200228,73,165030073,024449673,25194,N,8,1505,202003
20200302,20200228,73,165030073,024449680,25179,N,1,1506,202003
20200302,20200228,73,165030073,024504598,25191,N,10,1507,202003
20200302,20200228,73,165030073,024516330,25176,N,10,1508,202003
20200302,20200228,73,165030073,024544566,25127,N,1,1509,202003
20200302,20200228,73,165030073,024544777,25122,N,1,1510,202003
20200302,20200228,73,165030073,024604668,25098,N,2,1511,202003
20200302,20200228,73,165030073,024631645,25135,N,1,1512,202003
20200302,20200228,73,165030073,024849728,25076,N,1,1513,202003
20200302,20200228,73,165030073,024922403,25082,N,1,1514,202003
20200302,20200228,73,165030073,025234527,25211,N,10,1515,202003
20200302,20200228,73,165030073,025234527,25212,N,10,1516,202003
20200302,20200228,73,165030073,025557025,25242,N,1,1517,202003
20200302,20200228,73,165030073,025609042,25238,N,1,1518,202003
20200302,20200228,73,165030073,025621640,25244,N,1,1519,202003
20200302,20200228,73,165030073,025627256,25276,N,1,1520,202003
20200302,20200228,73,165030073,025633568,25263,N,1,1521,202003
20200302,20200228,73,165030073,025716544,25300,N,2,1522,202003
20200302,20200228,73,165030073,025956169,25304,N,1,1523,202003
20200302,20200228,73,165030073,030145013,25350,N,1,1524,202003
20200302,20200228,73,165030073,030207034,25339,N,5,1525,202003
20200302,20200228,73,165030073,030259869,25252,N,1,1526,202003
20200302,20200228,73,165030073,030334383,25239,N,1,1527,202003
20200302,20200228,73,165030073,030750399,25276,N,1,1528,202003
20200302,20200228,73,165030073,031012733,25263,N,10,1529,202003
20200302,20200228,73,165030073,031018442,25266,N,1,1530,202003
20200302,20200228,73,165030073,031325020,25237,N,2,1531,202003
20200302,20200228,73,165030073,031350374,25211,N,1,1532,202003
20200302,20200228,73,165030073,031412650,25180,N,10,1533,202003
20200302,20200228,73,165030073,031449982,25168,N,5,1534,202003
20200302,20200228,73,165030073,031502791,25148,N,1,1535,202003
20200302,20200228,73,165030073,031502794,25135,N,1,1536,202003
20200302,20200228,73,165030073,031522082,25175,N,1,1537,202003
20200302,20200228,73,165030073,031528907,25190,N,1,1538,202003
20200302,20200228,73,165030073,031854841,25273,N,1,1539,202003
20200302,20200228,73,165030073,031905779,25292,N,1,1540,202003
20200302,20200228,73,165030073,031913158,25282,N,1,1541,202003
20200302,20200228,73,165030073,032124429,25258,N,10,1542,202003
20200302,20200228,73,165030073,032124429,25257,N,10,1543,202003
20200302,20200228,73,165030073,032137699,25230,N,2,1544,202003
20200302,20200228,73,165030073,032233394,25200,N,1,1545,202003
20200302,20200228,73,165030073,032234795,25192,N,3,1546,202003
20200302,20200228,73,165030073,032817871,25262,N,1,1547,202003
20200302,20200228,73,165030073,032907534,25225,N,1,1548,202003
20200302,20200228,73,165030073,032926791,25191,N,1,1549,202003
20200302,20200228,73,165030073,033032604,25137,N,1,1550,202003
20200302,20200228,73,165030073,033043558,25114,N,1,1551,202003
20200302,20200228,73,165030073,033043566,25112,N,1,1552,202003
20200302,20200228,73,165030073,033046791,25100,N,1,1553,202003
20200302,20200228,73,165030073,033108619,25054,N,1,1554,202003
20200302,20200228,73,165030073,033119125,25088,N,1,1555,202003
20200302,20200228,73,165030073,033145453,25109,N,10,1556,202003
20200302,20200228,73,165030073,033204216,25100,N,2,1557,202003
20200302,20200228,73,165030073,033220184,25100,N,1,1558,202003
20200302,20200228,73,165030073,033337983,25055,N,1,1559,202003
20200302,20200228,73,165030073,033341258,25044,N,1,1560,202003
20200302,20200228,73,165030073,033409425,25057,N,1,1561,202003
20200302,20200228,73,165030073,033501458,25006,N,1,1562,202003
20200302,20200228,73,165030073,033523328,24990,N,10,1563,202003
20200302,20200228,73,165030073,033550645,25013,N,1,1564,202003
20200302,20200228,73,165030073,033636047,25000,N,1,1565,202003
20200302,20200228,73,165030073,033650833,24970,N,1,1566,202003
20200302,20200228,73,165030073,033650932,24980,N,10,1567,202003
20200302,20200228,73,165030073,033650936,24978,N,11,1568,202003
20200302,20200228,73,165030073,033653779,24981,N,1,1569,202003
20200302,20200228,73,165030073,033702071,24969,N,1,1570,202003
20200302,20200228,73,165030073,034022709,24969,N,1,1571,202003
20200302,20200228,73,165030073,034025097,24959,N,1,1572,202003
20200302,20200228,73,165030073,034034195,24950,N,10,1573,202003
20200302,20200228,73,165030073,034043020,24949,N,1,1574,202003
20200302,20200228,73,165030073,034146834,24918,N,2,1575,202003
20200302,20200228,73,165030073,034336180,24955,N,1,1576,202003
20200302,20200228,73,165030073,034401967,24918,N,1,1577,202003
20200302,20200228,73,165030073,034426718,24900,N,5,1578,202003
20200302,20200228,73,165030073,034440089,24913,N,1,1579,202003
20200302,20200228,73,165030073,034446230,24907,N,1,1580,202003
20200302,20200228,73,165030073,034512401,24893,N,1,1581,202003
20200302,20200228,73,165030073,034536939,24843,N,10,1582,202003
20200302,20200228,73,165030073,034536939,24842,N,10,1583,202003
20200302,20200228,73,165030073,034536939,24841,N,10,1584,202003
20200302,20200228,73,165030073,034536939,24840,N,2,1585,202003
20200302,20200228,73,165030073,034556886,24843,N,5,1586,202003
20200302,20200228,73,165030073,034751431,24836,N,5,1587,202003
20200302,20200228,73,165030073,035140106,24903,N,10,1588,202003
20200302,20200228,73,165030073,035140106,24904,N,10,1589,202003
20200302,20200228,73,165030073,035140106,24905,N,10,1590,202003
20200302,20200228,73,165030073,035140106,24906,N,3,1591,202003
20200302,20200228,73,165030073,035212667,24899,N,1,1592,202003
20200302,20200228,73,165030073,035228463,24896,N,11,1593,202003
20200302,20200228,73,165030073,035228463,24897,N,1,1594,202003
20200302,20200228,73,165030073,035548595,24867,N,1,1595,202003
20200302,20200228,73,165030073,035632375,24866,N,1,1596,202003
20200302,20200228,73,165030073,035646417,24856,N,1,1597,202003
20200302,20200228,73,165030073,035650807,24853,N,6,1598,202003
20200302,20200228,73,165030073,035733642,24900,N,5,1599,202003
