Trade_Date,Make_Date,Index_Type,Security_Code,Time,Trade_Price,Price_Type,Trade_Volume,No,Contract_Month
20200601,20200529,73,165060073,163001046,25340,O,3,1,202006
20200601,20200529,73,165060073,163006934,25241,N,1,2,202006
20200601,20200529,73,165060073,163155915,25328,N,2,3,202006
20200601,20200529,73,165060073,163951269,25329,N,1,4,202006
20200601,20200529,73,165060073,164332666,25310,N,2,5,202006
20200601,20200529,73,165060073,164936080,25276,N,10,6,202006
20200601,20200529,73,165060073,165057228,25265,N,2,7,202006
20200601,20200529,73,165060073,170521200,25242,N,1,8,202006
20200601,20200529,73,165060073,171506087,25280,N,10,9,202006
20200601,20200529,73,165060073,171916497,25280,N,5,10,202006
20200601,20200529,73,165060073,171916497,25280,N,5,11,202006
20200601,20200529,73,165060073,171916710,25280,N,3,12,202006
20200601,20200529,73,165060073,172127053,25302,N,10,13,202006
20200601,20200529,73,165060073,172144624,25279,N,10,14,202006
20200601,20200529,73,165060073,172144624,25272,N,5,15,202006
20200601,20200529,73,165060073,172257766,25265,N,10,16,202006
20200601,20200529,73,165060073,172734774,25272,N,5,17,202006
20200601,20200529,73,165060073,173509384,25294,N,1,18,202006
20200601,20200529,73,165060073,174506470,25294,N,10,19,202006
20200601,20200529,73,165060073,174747575,25278,N,11,20,202006
20200601,20200529,73,165060073,174827564,25260,N,9,21,202006
20200601,20200529,73,165060073,181000025,25290,N,5,22,202006
20200601,20200529,73,165060073,181000025,25290,N,2,23,202006
20200601,20200529,73,165060073,181000042,25290,N,6,24,202006
20200601,20200529,73,165060073,181000140,25290,N,7,25,202006
20200601,20200529,73,165060073,181001014,25299,N,20,26,202006
20200601,20200529,73,165060073,183317850,25296,N,1,27,202006
20200601,20200529,73,165060073,183415488,25299,N,1,28,202006
20200601,20200529,73,165060073,185153421,25316,N,10,29,202006
20200601,20200529,73,165060073,185429032,25340,N,2,30,202006
20200601,20200529,73,165060073,190813405,25380,N,1,31,202006
20200601,20200529,73,165060073,192213676,25344,N,1,32,202006
20200601,20200529,73,165060073,192813482,25363,N,1,33,202006
20200601,20200529,73,165060073,192856146,25365,N,1,34,202006
20200601,20200529,73,165060073,195703348,25348,N,1,35,202006
20200601,20200529,73,165060073,195721935,25344,N,1,36,202006
20200601,20200529,73,165060073,195741242,25344,N,1,37,202006
20200601,20200529,73,165060073,200030378,25365,N,1,38,202006
20200601,20200529,73,165060073,202231607,25374,N,1,39,202006
20200601,20200529,73,165060073,202246159,25370,N,1,40,202006
20200601,20200529,73,165060073,203759382,25357,N,1,41,202006
20200601,20200529,73,165060073,205431754,25356,N,1,42,202006
20200601,20200529,73,165060073,210600952,25330,N,1,43,202006
20200601,20200529,73,165060073,210657623,25356,N,1,44,202006
20200601,20200529,73,165060073,211137731,25345,N,1,45,202006
20200601,20200529,73,165060073,211349990,25348,N,1,46,202006
20200601,20200529,73,165060073,213244063,25299,N,1,47,202006
20200601,20200529,73,165060073,214458739,25291,N,1,48,202006
20200601,20200529,73,165060073,215433114,25293,N,1,49,202006
20200601,20200529,73,165060073,220310337,25266,N,5,50,202006
20200601,20200529,73,165060073,220425808,25256,N,5,51,202006
20200601,20200529,73,165060073,221051544,25234,N,1,52,202006
20200601,20200529,73,165060073,221104351,25238,N,4,53,202006
20200601,20200529,73,165060073,221154632,25217,N,2,54,202006
20200601,20200529,73,165060073,221219356,25210,N,1,55,202006
20200601,20200529,73,165060073,221806317,25239,N,1,56,202006
20200601,20200529,73,165060073,221827659,25246,N,1,57,202006
20200601,20200529,73,165060073,222110775,25231,N,1,58,202006
20200601,20200529,73,165060073,222344142,25243,N,4,59,202006
20200601,20200529,73,165060073,222617223,25225,N,5,60,202006
20200601,20200529,73,165060073,222617223,25223,N,4,61,202006
20200601,20200529,73,165060073,223000473,25241,N,5,62,202006
20200601,20200529,73,165060073,223000616,25240,N,5,63,202006
20200601,20200529,73,165060073,223001303,25238,N,5,64,202006
20200601,20200529,73,165060073,223612926,25269,N,5,65,202006
20200601,20200529,73,165060073,224141885,25267,N,1,66,202006
20200601,20200529,73,165060073,224325966,25247,N,1,67,202006
20200601,20200529,73,165060073,224525886,25260,N,4,68,202006
20200601,20200529,73,165060073,224536627,25267,N,1,69,202006
20200601,20200529,73,165060073,224651926,25297,N,10,70,202006
20200601,20200529,73,165060073,224651926,25298,N,1,71,202006
20200601,20200529,73,165060073,224651926,25298,N,4,72,202006
20200601,20200529,73,165060073,225541275,25287,N,10,73,202006
20200601,20200529,73,165060073,225541275,25286,N,20,74,202006
20200601,20200529,73,165060073,225541280,25285,N,5,75,202006
20200601,20200529,73,165060073,225542664,25275,N,5,76,202006
20200601,20200529,73,165060073,225600694,25273,N,1,77,202006
20200601,20200529,73,165060073,225922345,25239,N,1,78,202006
20200601,20200529,73,165060073,230900800,25194,N,11,79,202006
20200601,20200529,73,165060073,230901611,25192,N,1,80,202006
20200601,20200529,73,165060073,231020995,25216,N,1,81,202006
20200601,20200529,73,165060073,231213077,25220,N,1,82,202006
20200601,20200529,73,165060073,231414441,25220,N,1,83,202006
20200601,20200529,73,165060073,231415175,25223,N,1,84,202006
20200601,20200529,73,165060073,231451982,25241,N,1,85,202006
20200601,20200529,73,165060073,231655483,25220,N,1,86,202006
20200601,20200529,73,165060073,231713681,25241,N,1,87,202006
20200601,20200529,73,165060073,231925283,25246,N,1,88,202006
20200601,20200529,73,165060073,232540400,25220,N,1,89,202006
20200601,20200529,73,165060073,233017613,25220,N,4,90,202006
20200601,20200529,73,165060073,233054144,25230,N,1,91,202006
20200601,20200529,73,165060073,233752970,25216,N,2,92,202006
20200601,20200529,73,165060073,233828710,25214,N,1,93,202006
20200601,20200529,73,165060073,234203183,25181,N,1,94,202006
20200601,20200529,73,165060073,234326318,25171,N,10,95,202006
20200601,20200529,73,165060073,234326318,25172,N,7,96,202006
20200601,20200529,73,165060073,234454736,25184,N,1,97,202006
20200601,20200529,73,165060073,234726218,25181,N,21,98,202006
20200601,20200529,73,165060073,234726218,25180,N,10,99,202006
20200601,20200529,73,165060073,234734487,25178,N,10,100,202006
20200601,20200529,73,165060073,234902019,25150,N,1,101,202006
20200601,20200529,73,165060073,234950709,25148,N,2,102,202006
20200601,20200529,73,165060073,235003521,25153,N,8,103,202006
20200601,20200529,73,165060073,235109206,25155,N,1,104,202006
20200601,20200529,73,165060073,235247288,25145,N,1,105,202006
20200601,20200529,73,165060073,235355847,25136,N,1,106,202006
20200601,20200529,73,165060073,235428984,25130,N,1,107,202006
20200601,20200529,73,165060073,235439225,25130,N,2,108,202006
20200601,20200529,73,165060073,235515128,25126,N,1,109,202006
20200601,20200529,73,165060073,235607374,25131,N,1,110,202006
20200601,20200529,73,165060073,235957939,25140,N,1,111,202006
20200601,20200529,73,165060073,000209703,25139,N,1,112,202006
20200601,20200529,73,165060073,000327702,25116,N,1,113,202006
20200601,20200529,73,165060073,000333577,25108,N,13,114,202006
20200601,20200529,73,165060073,000333577,25107,N,11,115,202006
20200601,20200529,73,165060073,000333577,25106,N,1,116,202006
20200601,20200529,73,165060073,000333577,25102,N,10,117,202006
20200601,20200529,73,165060073,000333577,25101,N,11,118,202006
20200601,20200529,73,165060073,000333577,25096,N,1,119,202006
20200601,20200529,73,165060073,000333577,25092,N,8,120,202006
20200601,20200529,73,165060073,000333580,25092,N,1,121,202006
20200601,20200529,73,165060073,000558549,25133,N,1,122,202006
20200601,20200529,73,165060073,000604275,25134,N,1,123,202006
20200601,20200529,73,165060073,000856941,25143,N,1,124,202006
20200601,20200529,73,165060073,001202736,25178,N,3,125,202006
20200601,20200529,73,165060073,001202738,25178,N,1,126,202006
20200601,20200529,73,165060073,001942051,25169,N,10,127,202006
20200601,20200529,73,165060073,001942051,25168,N,10,128,202006
20200601,20200529,73,165060073,002357033,25180,N,1,129,202006
20200601,20200529,73,165060073,002437907,25175,N,1,130,202006
20200601,20200529,73,165060073,002741534,25164,N,5,131,202006
20200601,20200529,73,165060073,002837191,25175,N,2,132,202006
20200601,20200529,73,165060073,003457388,25155,N,1,133,202006
20200601,20200529,73,165060073,003952160,25161,N,1,134,202006
20200601,20200529,73,165060073,004006970,25166,N,2,135,202006
20200601,20200529,73,165060073,004218640,25151,N,2,136,202006
20200601,20200529,73,165060073,005215222,25179,N,1,137,202006
20200601,20200529,73,165060073,005722480,25177,N,3,138,202006
20200601,20200529,73,165060073,010300188,25179,N,1,139,202006
20200601,20200529,73,165060073,010525108,25173,N,3,140,202006
20200601,20200529,73,165060073,010641260,25164,N,1,141,202006
20200601,20200529,73,165060073,011327097,25143,N,2,142,202006
20200601,20200529,73,165060073,011401299,25145,N,2,143,202006
20200601,20200529,73,165060073,012008842,25086,N,1,144,202006
20200601,20200529,73,165060073,012008894,25078,N,2,145,202006
20200601,20200529,73,165060073,012936152,25110,N,1,146,202006
20200601,20200529,73,165060073,013040479,25106,N,1,147,202006
20200601,20200529,73,165060073,013355988,25085,N,2,148,202006
20200601,20200529,73,165060073,013458860,25085,N,3,149,202006
20200601,20200529,73,165060073,014927861,25086,N,1,150,202006
20200601,20200529,73,165060073,014936170,25085,N,1,151,202006
20200601,20200529,73,165060073,014957808,25077,N,1,152,202006
20200601,20200529,73,165060073,015137482,25066,N,1,153,202006
20200601,20200529,73,165060073,015214600,25065,N,1,154,202006
20200601,20200529,73,165060073,015238200,25056,N,1,155,202006
20200601,20200529,73,165060073,015357533,25058,N,2,156,202006
20200601,20200529,73,165060073,015448272,25061,N,10,157,202006
20200601,20200529,73,165060073,015448274,25050,N,2,158,202006
20200601,20200529,73,165060073,015448275,25048,N,1,159,202006
20200601,20200529,73,165060073,015448277,25046,N,1,160,202006
20200601,20200529,73,165060073,015448289,25036,N,1,161,202006
20200601,20200529,73,165060073,015448301,25026,N,1,162,202006
20200601,20200529,73,165060073,015448760,25016,N,1,163,202006
20200601,20200529,73,165060073,015449347,25006,N,1,164,202006
20200601,20200529,73,165060073,015449760,25000,N,2,165,202006
20200601,20200529,73,165060073,015514424,25057,N,1,166,202006
20200601,20200529,73,165060073,020817560,25152,N,1,167,202006
20200601,20200529,73,165060073,020817564,25162,N,1,168,202006
20200601,20200529,73,165060073,021212427,25152,N,1,169,202006
20200601,20200529,73,165060073,030650894,25107,N,20,170,202006
20200601,20200529,73,165060073,030650894,25112,N,10,171,202006
20200601,20200529,73,165060073,030650914,25138,N,8,172,202006
20200601,20200529,73,165060073,030838448,25190,N,10,173,202006
20200601,20200529,73,165060073,030925486,25215,N,3,174,202006
20200601,20200529,73,165060073,030954955,25225,N,1,175,202006
20200601,20200529,73,165060073,030958055,25230,N,1,176,202006
20200601,20200529,73,165060073,031115376,25234,N,5,177,202006
20200601,20200529,73,165060073,031211729,25215,N,3,178,202006
20200601,20200529,73,165060073,031253159,25206,N,1,179,202006
20200601,20200529,73,165060073,032223166,25225,N,2,180,202006
20200601,20200529,73,165060073,032549174,25246,N,5,181,202006
20200601,20200529,73,165060073,032853131,25277,N,3,182,202006
20200601,20200529,73,165060073,033037380,25273,N,1,183,202006
20200601,20200529,73,165060073,033146819,25252,N,5,184,202006
20200601,20200529,73,165060073,033236378,25270,N,2,185,202006
20200601,20200529,73,165060073,033455195,25269,N,1,186,202006
20200601,20200529,73,165060073,034229581,25230,N,10,187,202006
20200601,20200529,73,165060073,034701481,25215,N,1,188,202006
20200601,20200529,73,165060073,035207082,25056,N,2,189,202006
20200601,20200529,73,165060073,035207154,25051,N,1,190,202006
20200601,20200529,73,165060073,035244898,25080,N,1,191,202006
20200601,20200529,73,165060073,035322745,25055,N,1,192,202006
20200601,20200529,73,165060073,035355812,25036,N,2,193,202006
20200601,20200529,73,165060073,035514063,25140,N,2,194,202006
20200601,20200529,73,165060073,035547633,25126,N,10,195,202006
20200601,20200529,73,165060073,035855009,25312,N,1,196,202006
20200601,20200529,73,165060073,035907503,25299,N,1,197,202006
20200601,20200529,73,165060073,035911377,25302,N,1,198,202006
20200601,20200529,73,165060073,035959109,25350,N,2,199,202006
20200601,20200529,73,165060073,035959112,25350,N,1,200,202006
20200601,20200529,73,165060073,040006914,25372,N,5,201,202006
20200601,20200529,73,165060073,040011034,25375,N,1,202,202006
20200601,20200529,73,165060073,040020968,25390,N,1,203,202006
20200601,20200529,73,165060073,040048758,25405,N,1,204,202006
20200601,20200529,73,165060073,040053972,25400,N,1,205,202006
20200601,20200529,73,165060073,040224756,25405,N,1,206,202006
20200601,20200529,73,165060073,040254164,25403,N,1,207,202006
20200601,20200529,73,165060073,040301883,25414,N,2,208,202006
20200601,20200529,73,165060073,040342058,25397,N,1,209,202006
20200601,20200529,73,165060073,040350356,25409,N,1,210,202006
20200601,20200529,73,165060073,040424777,25433,N,1,211,202006
20200601,20200529,73,165060073,040425192,25433,N,1,212,202006
20200601,20200529,73,165060073,040425337,25443,N,1,213,202006
20200601,20200529,73,165060073,040707725,25396,N,2,214,202006
20200601,20200529,73,165060073,040709645,25405,N,5,215,202006
20200601,20200529,73,165060073,040725712,25402,N,3,216,202006
20200601,20200529,73,165060073,040733565,25405,N,13,217,202006
20200601,20200529,73,165060073,041439651,25336,N,2,218,202006
20200601,20200529,73,165060073,042420265,25391,N,1,219,202006
20200601,20200529,73,165060073,043044885,25372,N,1,220,202006
20200601,20200529,73,165060073,044407708,25328,N,1,221,202006
20200601,20200529,73,165060073,044647092,25341,N,1,222,202006
20200601,20200529,73,165060073,044859442,25298,N,1,223,202006
20200601,20200529,73,165060073,045000066,25297,N,10,224,202006
20200601,20200529,73,165060073,045035767,25309,N,1,225,202006
20200601,20200529,73,165060073,045504332,25366,N,9,226,202006
20200601,20200529,73,165060073,045938930,25376,N,1,227,202006
20200601,20200529,73,165060073,045959870,25324,N,1,228,202006
20200601,20200529,73,165060073,045959901,25324,N,10,229,202006
20200601,20200529,73,165060073,050014692,25363,N,1,230,202006
20200601,20200529,73,165060073,050230225,25413,N,21,231,202006
20200601,20200529,73,165060073,050230225,25412,N,9,232,202006
20200601,20200529,73,165060073,050249549,25405,N,10,233,202006
20200601,20200529,73,165060073,050612633,25433,N,1,234,202006
20200601,20200529,73,165060073,050703348,25443,N,1,235,202006
20200601,20200529,73,165060073,050840971,25455,N,2,236,202006
20200601,20200529,73,165060073,051452398,25465,N,1,237,202006
20200601,20200529,73,165060073,051601265,25463,N,1,238,202006
20200601,20200529,73,165060073,052104796,25439,N,1,239,202006
20200601,20200529,73,165060073,052400875,25435,N,1,240,202006
20200601,20200529,73,165060073,053001020,25474,E,1,241,202006
20200601,20200601,73,165060073,084501051,25205,O,19,242,202006
20200601,20200601,73,165060073,084501966,25222,N,10,243,202006
20200601,20200601,73,165060073,084503553,25179,N,1,244,202006
20200601,20200601,73,165060073,084625313,25195,N,1,245,202006
20200601,20200601,73,165060073,084804665,25201,N,1,246,202006
20200601,20200601,73,165060073,084813654,25193,N,1,247,202006
20200601,20200601,73,165060073,084830125,25210,N,2,248,202006
20200601,20200601,73,165060073,084853861,25206,N,1,249,202006
20200601,20200601,73,165060073,084919973,25209,N,1,250,202006
20200601,20200601,73,165060073,085307977,25220,N,2,251,202006
20200601,20200601,73,165060073,085357405,25231,N,1,252,202006
20200601,20200601,73,165060073,085438481,25232,N,2,253,202006
20200601,20200601,73,165060073,085439101,25231,N,1,254,202006
20200601,20200601,73,165060073,085439103,25231,N,9,255,202006
20200601,20200601,73,165060073,085619481,25234,N,1,256,202006
20200601,20200601,73,165060073,085706123,25230,N,1,257,202006
20200601,20200601,73,165060073,090001436,25236,N,1,258,202006
20200601,20200601,73,165060073,090038004,25235,N,2,259,202006
20200601,20200601,73,165060073,090046439,25239,N,1,260,202006
20200601,20200601,73,165060073,090700283,25238,N,1,261,202006
20200601,20200601,73,165060073,090839262,25256,N,5,262,202006
20200601,20200601,73,165060073,091348126,25257,N,1,263,202006
20200601,20200601,73,165060073,091454240,25258,N,1,264,202006
20200601,20200601,73,165060073,091859061,25300,N,1,265,202006
20200601,20200601,73,165060073,091859067,25300,N,6,266,202006
20200601,20200601,73,165060073,092007648,25326,N,1,267,202006
20200601,20200601,73,165060073,092045129,25331,N,1,268,202006
20200601,20200601,73,165060073,092205908,25329,N,5,269,202006
20200601,20200601,73,165060073,092323600,25336,N,5,270,202006
20200601,20200601,73,165060073,092923710,25325,N,1,271,202006
20200601,20200601,73,165060073,093200243,25353,N,1,272,202006
20200601,20200601,73,165060073,093200249,25354,N,1,273,202006
20200601,20200601,73,165060073,093542041,25324,N,1,274,202006
20200601,20200601,73,165060073,093751501,25319,N,1,275,202006
20200601,20200601,73,165060073,094447119,25305,N,1,276,202006
20200601,20200601,73,165060073,094550107,25290,N,11,277,202006
20200601,20200601,73,165060073,094550110,25290,N,1,278,202006
20200601,20200601,73,165060073,094550112,25290,N,5,279,202006
20200601,20200601,73,165060073,094550674,25290,N,1,280,202006
20200601,20200601,73,165060073,094550676,25290,N,2,281,202006
20200601,20200601,73,165060073,095049374,25316,N,1,282,202006
20200601,20200601,73,165060073,101451003,25338,N,1,283,202006
20200601,20200601,73,165060073,101459195,25338,N,2,284,202006
20200601,20200601,73,165060073,101532480,25338,N,1,285,202006
20200601,20200601,73,165060073,101557005,25341,N,5,286,202006
20200601,20200601,73,165060073,101601498,25347,N,3,287,202006
20200601,20200601,73,165060073,101714395,25347,N,5,288,202006
20200601,20200601,73,165060073,101750166,25348,N,1,289,202006
20200601,20200601,73,165060073,103001857,25379,N,1,290,202006
20200601,20200601,73,165060073,103842487,25395,N,1,291,202006
20200601,20200601,73,165060073,104011474,25415,N,1,292,202006
20200601,20200601,73,165060073,104033226,25421,N,1,293,202006
20200601,20200601,73,165060073,104806928,25421,N,1,294,202006
20200601,20200601,73,165060073,104937652,25421,N,5,295,202006
20200601,20200601,73,165060073,105029322,25427,N,5,296,202006
20200601,20200601,73,165060073,105310954,25400,N,1,297,202006
20200601,20200601,73,165060073,110451627,25422,N,1,298,202006
20200601,20200601,73,165060073,111532455,25426,N,2,299,202006
20200601,20200601,73,165060073,112010186,25412,N,5,300,202006
20200601,20200601,73,165060073,112137377,25422,N,7,301,202006
20200601,20200601,73,165060073,112650052,25441,N,1,302,202006
20200601,20200601,73,165060073,112842281,25435,N,1,303,202006
20200601,20200601,73,165060073,114738600,25440,N,1,304,202006
20200601,20200601,73,165060073,115104496,25434,N,2,305,202006
20200601,20200601,73,165060073,120815873,25420,N,10,306,202006
20200601,20200601,73,165060073,121050233,25390,N,1,307,202006
20200601,20200601,73,165060073,121950073,25370,N,1,308,202006
20200601,20200601,73,165060073,122626597,25363,N,1,309,202006
20200601,20200601,73,165060073,123022121,25351,N,3,310,202006
20200601,20200601,73,165060073,123641624,25357,N,1,311,202006
20200601,20200601,73,165060073,123751353,25360,N,2,312,202006
20200601,20200601,73,165060073,123822688,25357,N,2,313,202006
20200601,20200601,73,165060073,124030034,25368,N,11,314,202006
20200601,20200601,73,165060073,124113605,25370,N,1,315,202006
20200601,20200601,73,165060073,130456060,25356,N,5,316,202006
20200601,20200601,73,165060073,131224333,25370,N,1,317,202006
20200601,20200601,73,165060073,132321075,25376,N,1,318,202006
20200601,20200601,73,165060073,132335589,25377,N,1,319,202006
20200601,20200601,73,165060073,132343530,25377,N,1,320,202006
20200601,20200601,73,165060073,133349658,25390,N,1,321,202006
20200601,20200601,73,165060073,140154939,25390,N,1,322,202006
20200601,20200601,73,165060073,140756783,25337,N,1,323,202006
20200601,20200601,73,165060073,140756997,25337,N,5,324,202006
20200601,20200601,73,165060073,140823737,25331,N,1,325,202006
20200601,20200601,73,165060073,141452970,25356,N,1,326,202006
20200601,20200601,73,165060073,141536182,25360,N,1,327,202006
20200601,20200601,73,165060073,142309447,25378,N,1,328,202006
20200601,20200601,73,165060073,143553626,25389,N,1,329,202006
20200601,20200601,73,165060073,143607932,25389,N,1,330,202006
20200601,20200601,73,165060073,144709049,25380,N,1,331,202006
20200601,20200601,73,165060073,145016837,25371,N,2,332,202006
20200601,20200601,73,165060073,145307729,25368,N,2,333,202006
20200601,20200601,73,165060073,150116106,25361,N,1,334,202006
20200601,20200601,73,165060073,150117585,25360,N,5,335,202006
20200601,20200601,73,165060073,150117645,25360,N,3,336,202006
20200601,20200601,73,165060073,150118219,25360,N,4,337,202006
20200601,20200601,73,165060073,150118223,25360,N,4,338,202006
20200601,20200601,73,165060073,150118281,25360,N,4,339,202006
20200601,20200601,73,165060073,150220127,25364,N,5,340,202006
20200601,20200601,73,165060073,150225993,25364,N,3,341,202006
20200601,20200601,73,165060073,151501010,25443,E,1,342,202006
20200601,20200529,73,165090073,223758395,25300,O,1,343,202009
20200601,20200529,73,165090073,225542676,25158,N,1,344,202009
20200601,20200529,73,165090073,000308984,25000,N,1,345,202009
20200601,20200529,73,165090073,040314159,25222,N,1,346,202009
20200601,20200529,73,165090073,053001020,25298,E,1,347,202009
20200601,20200601,73,165090073,084501051,25021,O,1,348,202009
20200601,20200601,73,165090073,092841969,25177,E,1,349,202009
20200602,20200601,73,165060073,163535196,25480,O,5,1,202006
20200602,20200601,73,165060073,164111748,25480,N,5,2,202006
20200602,20200601,73,165060073,164213565,25483,N,5,3,202006
20200602,20200601,73,165060073,164305525,25481,N,2,4,202006
20200602,20200601,73,165060073,164522928,25500,N,2,5,202006
20200602,20200601,73,165060073,164935471,25487,N,1,6,202006
20200602,20200601,73,165060073,165132356,25479,N,1,7,202006
20200602,20200601,73,165060073,165219573,25475,N,1,8,202006
20200602,20200601,73,165060073,165657572,25475,N,2,9,202006
20200602,20200601,73,165060073,165914062,25470,N,1,10,202006
20200602,20200601,73,165060073,170232788,25460,N,1,11,202006
20200602,20200601,73,165060073,170504139,25460,N,1,12,202006
20200602,20200601,73,165060073,170748665,25443,N,10,13,202006
20200602,20200601,73,165060073,170748668,25432,N,5,14,202006
20200602,20200601,73,165060073,170749167,25402,N,5,15,202006
20200602,20200601,73,165060073,170751720,25404,N,11,16,202006
20200602,20200601,73,165060073,170751725,25404,N,4,17,202006
20200602,20200601,73,165060073,170803617,25361,N,1,18,202006
20200602,20200601,73,165060073,170804104,25359,N,1,19,202006
20200602,20200601,73,165060073,170804573,25357,N,1,20,202006
20200602,20200601,73,165060073,170821096,25335,N,7,21,202006
20200602,20200601,73,165060073,170821099,25334,N,2,22,202006
20200602,20200601,73,165060073,171632891,25253,N,1,23,202006
20200602,20200601,73,165060073,173448636,25255,N,1,24,202006
20200602,20200601,73,165060073,174925197,25296,N,1,25,202006
20200602,20200601,73,165060073,175007149,25306,N,10,26,202006
20200602,20200601,73,165060073,175007149,25308,N,1,27,202006
20200602,20200601,73,165060073,175155245,25322,N,10,28,202006
20200602,20200601,73,165060073,175614439,25324,N,1,29,202006
20200602,20200601,73,165060073,180052042,25312,N,1,30,202006
20200602,20200601,73,165060073,180932403,25349,N,1,31,202006
20200602,20200601,73,165060073,185131836,25312,N,10,32,202006
20200602,20200601,73,165060073,194006098,25335,N,10,33,202006
20200602,20200601,73,165060073,195050694,25347,N,1,34,202006
20200602,20200601,73,165060073,200617263,25391,N,1,35,202006
20200602,20200601,73,165060073,200909176,25389,N,1,36,202006
20200602,20200601,73,165060073,202300752,25424,N,1,37,202006
20200602,20200601,73,165060073,204541280,25399,N,1,38,202006
20200602,20200601,73,165060073,210517073,25393,N,1,39,202006
20200602,20200601,73,165060073,210649835,25420,N,2,40,202006
20200602,20200601,73,165060073,211616866,25381,N,5,41,202006
20200602,20200601,73,165060073,211616868,25374,N,10,42,202006
20200602,20200601,73,165060073,211616890,25374,N,6,43,202006
20200602,20200601,73,165060073,211629674,25378,N,1,44,202006
20200602,20200601,73,165060073,211940360,25372,N,1,45,202006
20200602,20200601,73,165060073,212738411,25369,N,1,46,202006
20200602,20200601,73,165060073,213659332,25345,N,1,47,202006
20200602,20200601,73,165060073,213701532,25350,N,1,48,202006
20200602,20200601,73,165060073,214940026,25340,N,1,49,202006
20200602,20200601,73,165060073,221050324,25302,N,1,50,202006
20200602,20200601,73,165060073,223106217,25226,N,1,51,202006
20200602,20200601,73,165060073,223106220,25215,N,1,52,202006
20200602,20200601,73,165060073,223441451,25214,N,1,53,202006
20200602,20200601,73,165060073,223454871,25232,N,1,54,202006
20200602,20200601,73,165060073,223657553,25196,N,1,55,202006
20200602,20200601,73,165060073,223721137,25191,N,1,56,202006
20200602,20200601,73,165060073,223813104,25220,N,1,57,202006
20200602,20200601,73,165060073,224021599,25228,N,2,58,202006
20200602,20200601,73,165060073,224049877,25244,N,5,59,202006
20200602,20200601,73,165060073,224053873,25244,N,6,60,202006
20200602,20200601,73,165060073,224212316,25261,N,1,61,202006
20200602,20200601,73,165060073,224301022,25285,N,1,62,202006
20200602,20200601,73,165060073,224447534,25283,N,5,63,202006
20200602,20200601,73,165060073,224600142,25300,N,5,64,202006
20200602,20200601,73,165060073,224643083,25310,N,1,65,202006
20200602,20200601,73,165060073,225040462,25350,N,1,66,202006
20200602,20200601,73,165060073,225052150,25358,N,1,67,202006
20200602,20200601,73,165060073,225115846,25350,N,1,68,202006
20200602,20200601,73,165060073,225118799,25342,N,2,69,202006
20200602,20200601,73,165060073,225140794,25345,N,3,70,202006
20200602,20200601,73,165060073,225314499,25320,N,1,71,202006
20200602,20200601,73,165060073,225606943,25320,N,3,72,202006
20200602,20200601,73,165060073,225610437,25320,N,2,73,202006
20200602,20200601,73,165060073,225804887,25325,N,5,74,202006
20200602,20200601,73,165060073,225900077,25338,N,1,75,202006
20200602,20200601,73,165060073,230126813,25350,N,1,76,202006
20200602,20200601,73,165060073,230148138,25354,N,2,77,202006
20200602,20200601,73,165060073,230218636,25373,N,11,78,202006
20200602,20200601,73,165060073,230218637,25373,N,4,79,202006
20200602,20200601,73,165060073,230218667,25359,N,8,80,202006
20200602,20200601,73,165060073,230234983,25373,N,1,81,202006
20200602,20200601,73,165060073,230243556,25360,N,1,82,202006
20200602,20200601,73,165060073,230335848,25339,N,2,83,202006
20200602,20200601,73,165060073,230547939,25372,N,1,84,202006
20200602,20200601,73,165060073,231315789,25388,N,5,85,202006
20200602,20200601,73,165060073,231458880,25385,N,1,86,202006
20200602,20200601,73,165060073,232418603,25400,N,1,87,202006
20200602,20200601,73,165060073,232615222,25415,N,2,88,202006
20200602,20200601,73,165060073,232721102,25405,N,1,89,202006
20200602,20200601,73,165060073,232802252,25400,N,1,90,202006
20200602,20200601,73,165060073,233308231,25420,N,1,91,202006
20200602,20200601,73,165060073,233345554,25412,N,1,92,202006
20200602,20200601,73,165060073,234212306,25415,N,1,93,202006
20200602,20200601,73,165060073,234415794,25422,N,1,94,202006
20200602,20200601,73,165060073,234415794,25427,N,1,95,202006
20200602,20200601,73,165060073,234432295,25425,N,1,96,202006
20200602,20200601,73,165060073,235111471,25387,N,1,97,202006
20200602,20200601,73,165060073,235312288,25400,N,6,98,202006
20200602,20200601,73,165060073,000019401,25407,N,5,99,202006
20200602,20200601,73,165060073,000019820,25407,N,1,100,202006
20200602,20200601,73,165060073,001046391,25350,N,1,101,202006
20200602,20200601,73,165060073,003320816,25346,N,2,102,202006
20200602,20200601,73,165060073,010225202,25373,N,1,103,202006
20200602,20200601,73,165060073,011311430,25406,N,2,104,202006
20200602,20200601,73,165060073,011402253,25402,N,2,105,202006
20200602,20200601,73,165060073,013737404,25423,N,1,106,202006
20200602,20200601,73,165060073,020338140,25425,N,1,107,202006
20200602,20200601,73,165060073,021620598,25440,N,1,108,202006
20200602,20200601,73,165060073,032220439,25421,N,5,109,202006
20200602,20200601,73,165060073,032220447,25417,N,1,110,202006
20200602,20200601,73,165060073,032341501,25413,N,1,111,202006
20200602,20200601,73,165060073,033045807,25398,N,1,112,202006
20200602,20200601,73,165060073,033557650,25404,N,1,113,202006
20200602,20200601,73,165060073,034010868,25424,N,2,114,202006
20200602,20200601,73,165060073,034015424,25424,N,11,115,202006
20200602,20200601,73,165060073,034016558,25424,N,5,116,202006
20200602,20200601,73,165060073,034016804,25424,N,2,117,202006
20200602,20200601,73,165060073,034021921,25422,N,5,118,202006
20200602,20200601,73,165060073,034022167,25422,N,11,119,202006
20200602,20200601,73,165060073,034023312,25422,N,4,120,202006
20200602,20200601,73,165060073,035901343,25442,N,4,121,202006
20200602,20200601,73,165060073,035901365,25442,N,9,122,202006
20200602,20200601,73,165060073,043228872,25452,N,2,123,202006
20200602,20200601,73,165060073,043229816,25459,N,1,124,202006
20200602,20200601,73,165060073,045000067,25423,N,3,125,202006
20200602,20200601,73,165060073,045000072,25422,N,15,126,202006
20200602,20200601,73,165060073,045000326,25419,N,10,127,202006
20200602,20200601,73,165060073,053001020,25432,E,1,128,202006
20200602,20200602,73,165060073,084501050,25338,O,4,129,202006
20200602,20200602,73,165060073,084712113,25329,N,1,130,202006
20200602,20200602,73,165060073,085100470,25313,N,1,131,202006
20200602,20200602,73,165060073,085109460,25317,N,3,132,202006
20200602,20200602,73,165060073,085328153,25334,N,10,133,202006
20200602,20200602,73,165060073,085627033,25309,N,1,134,202006
20200602,20200602,73,165060073,085846394,25312,N,10,135,202006
20200602,20200602,73,165060073,085846515,25317,N,4,136,202006
20200602,20200602,73,165060073,085929866,25311,N,1,137,202006
20200602,20200602,73,165060073,090616071,25350,N,1,138,202006
20200602,20200602,73,165060073,090810148,25344,N,1,139,202006
20200602,20200602,73,165060073,090931863,25341,N,1,140,202006
20200602,20200602,73,165060073,091232316,25366,N,10,141,202006
20200602,20200602,73,165060073,091232350,25371,N,2,142,202006
20200602,20200602,73,165060073,091232367,25371,N,1,143,202006
20200602,20200602,73,165060073,091232367,25371,N,1,144,202006
20200602,20200602,73,165060073,091328476,25367,N,7,145,202006
20200602,20200602,73,165060073,091559591,25371,N,1,146,202006
20200602,20200602,73,165060073,091908794,25366,N,1,147,202006
20200602,20200602,73,165060073,092119381,25366,N,2,148,202006
20200602,20200602,73,165060073,092356224,25373,N,1,149,202006
20200602,20200602,73,165060073,092408852,25375,N,1,150,202006
20200602,20200602,73,165060073,103840019,25362,N,1,151,202006
20200602,20200602,73,165060073,104015364,25373,N,2,152,202006
20200602,20200602,73,165060073,111154751,25309,N,2,153,202006
20200602,20200602,73,165060073,112054233,25307,N,1,154,202006
20200602,20200602,73,165060073,112113267,25307,N,8,155,202006
20200602,20200602,73,165060073,113831688,25322,N,1,156,202006
20200602,20200602,73,165060073,114121277,25327,N,9,157,202006
20200602,20200602,73,165060073,115245729,25333,N,1,158,202006
20200602,20200602,73,165060073,115716557,25312,N,1,159,202006
20200602,20200602,73,165060073,121752859,25323,N,1,160,202006
20200602,20200602,73,165060073,121829677,25323,N,1,161,202006
20200602,20200602,73,165060073,131536700,25357,N,1,162,202006
20200602,20200602,73,165060073,140032357,25359,N,1,163,202006
20200602,20200602,73,165060073,140051145,25363,N,9,164,202006
20200602,20200602,73,165060073,140822614,25373,N,2,165,202006
20200602,20200602,73,165060073,141317467,25376,N,1,166,202006
20200602,20200602,73,165060073,150741042,25413,N,1,167,202006
20200602,20200602,73,165060073,150745272,25415,N,1,168,202006
20200602,20200602,73,165060073,151501008,25415,E,2,169,202006
20200602,20200601,73,165090073,223838989,25050,O,1,170,202009
20200602,20200601,73,165090073,223838989,25015,N,1,171,202009
20200602,20200601,73,165090073,020439006,25282,E,1,172,202009
20200602,20200602,73,165090073,111348747,25160,O,1,173,202009
20200602,20200602,73,165090073,113815689,25196,N,1,174,202009
20200602,20200602,73,165090073,131224299,25350,N,1,175,202009
20200602,20200602,73,165090073,140050377,25136,N,1,176,202009
20200602,20200602,73,165090073,140239359,25349,E,1,177,202009
20200603,20200602,73,165060073,163001168,25427,O,1,1,202006
20200603,20200602,73,165060073,163208358,25468,N,3,2,202006
20200603,20200602,73,165060073,163310176,25454,N,1,3,202006
20200603,20200602,73,165060073,163528672,25440,N,10,4,202006
20200603,20200602,73,165060073,164537694,25461,N,9,5,202006
20200603,20200602,73,165060073,164538400,25461,N,1,6,202006
20200603,20200602,73,165060073,171755097,25500,N,2,7,202006
20200603,20200602,73,165060073,171837466,25541,N,1,8,202006
20200603,20200602,73,165060073,172138592,25536,N,1,9,202006
20200603,20200602,73,165060073,173235492,25558,N,5,10,202006
20200603,20200602,73,165060073,173235495,25559,N,5,11,202006
20200603,20200602,73,165060073,173518415,25563,N,1,12,202006
20200603,20200602,73,165060073,173534136,25557,N,1,13,202006
20200603,20200602,73,165060073,173549704,25555,N,1,14,202006
20200603,20200602,73,165060073,173849267,25565,N,1,15,202006
20200603,20200602,73,165060073,173921034,25578,N,3,16,202006
20200603,20200602,73,165060073,174524240,25575,N,5,17,202006
20200603,20200602,73,165060073,174555457,25598,N,5,18,202006
20200603,20200602,73,165060073,174624060,25594,N,3,19,202006
20200603,20200602,73,165060073,174659970,25591,N,2,20,202006
20200603,20200602,73,165060073,174812632,25591,N,2,21,202006
20200603,20200602,73,165060073,175040392,25590,N,1,22,202006
20200603,20200602,73,165060073,175125707,25594,N,1,23,202006
20200603,20200602,73,165060073,175457843,25588,N,1,24,202006
20200603,20200602,73,165060073,175457852,25588,N,6,25,202006
20200603,20200602,73,165060073,175457898,25588,N,1,26,202006
20200603,20200602,73,165060073,175457921,25588,N,1,27,202006
20200603,20200602,73,165060073,175502939,25588,N,1,28,202006
20200603,20200602,73,165060073,175503692,25587,N,1,29,202006
20200603,20200602,73,165060073,180209635,25580,N,1,30,202006
20200603,20200602,73,165060073,180209647,25581,N,3,31,202006
20200603,20200602,73,165060073,181022618,25575,N,1,32,202006
20200603,20200602,73,165060073,181218586,25575,N,1,33,202006
20200603,20200602,73,165060073,181252688,25573,N,1,34,202006
20200603,20200602,73,165060073,181329432,25570,N,1,35,202006
20200603,20200602,73,165060073,181406024,25565,N,1,36,202006
20200603,20200602,73,165060073,181547412,25568,N,1,37,202006
20200603,20200602,73,165060073,181557982,25569,N,21,38,202006
20200603,20200602,73,165060073,181557986,25569,N,6,39,202006
20200603,20200602,73,165060073,181606713,25569,N,5,40,202006
20200603,20200602,73,165060073,181606831,25569,N,5,41,202006
20200603,20200602,73,165060073,181606926,25569,N,3,42,202006
20200603,20200602,73,165060073,181606926,25569,N,2,43,202006
20200603,20200602,73,165060073,181737398,25569,N,1,44,202006
20200603,20200602,73,165060073,181808574,25568,N,2,45,202006
20200603,20200602,73,165060073,181917543,25569,N,2,46,202006
20200603,20200602,73,165060073,182006529,25560,N,1,47,202006
20200603,20200602,73,165060073,182033756,25555,N,1,48,202006
20200603,20200602,73,165060073,182033812,25552,N,1,49,202006
20200603,20200602,73,165060073,182059708,25555,N,4,50,202006
20200603,20200602,73,165060073,182205932,25553,N,1,51,202006
20200603,20200602,73,165060073,182418765,25565,N,10,52,202006
20200603,20200602,73,165060073,182527105,25565,N,21,53,202006
20200603,20200602,73,165060073,182527105,25565,N,2,54,202006
20200603,20200602,73,165060073,182527220,25565,N,4,55,202006
20200603,20200602,73,165060073,182529307,25565,N,11,56,202006
20200603,20200602,73,165060073,182555673,25565,N,1,57,202006
20200603,20200602,73,165060073,182635943,25565,N,4,58,202006
20200603,20200602,73,165060073,182657318,25565,N,11,59,202006
20200603,20200602,73,165060073,182657318,25565,N,11,60,202006
20200603,20200602,73,165060073,182657321,25565,N,4,61,202006
20200603,20200602,73,165060073,182703477,25565,N,1,62,202006
20200603,20200602,73,165060073,182737967,25574,N,6,63,202006
20200603,20200602,73,165060073,182737970,25574,N,10,64,202006
20200603,20200602,73,165060073,182737970,25575,N,11,65,202006
20200603,20200602,73,165060073,182737970,25575,N,10,66,202006
20200603,20200602,73,165060073,182738922,25575,N,10,67,202006
20200603,20200602,73,165060073,182826485,25575,N,3,68,202006
20200603,20200602,73,165060073,183339921,25600,N,4,69,202006
20200603,20200602,73,165060073,183903672,25616,N,1,70,202006
20200603,20200602,73,165060073,185211360,25633,N,1,71,202006
20200603,20200602,73,165060073,185242913,25630,N,1,72,202006
20200603,20200602,73,165060073,185304077,25629,N,1,73,202006
20200603,20200602,73,165060073,185843381,25631,N,1,74,202006
20200603,20200602,73,165060073,191601325,25626,N,10,75,202006
20200603,20200602,73,165060073,191802326,25631,N,5,76,202006
20200603,20200602,73,165060073,191858576,25635,N,5,77,202006
20200603,20200602,73,165060073,192506197,25622,N,1,78,202006
20200603,20200602,73,165060073,193843452,25617,N,1,79,202006
20200603,20200602,73,165060073,200231847,25600,N,1,80,202006
20200603,20200602,73,165060073,200232044,25595,N,1,81,202006
20200603,20200602,73,165060073,203552822,25588,N,1,82,202006
20200603,20200602,73,165060073,203909952,25591,N,1,83,202006
20200603,20200602,73,165060073,204911415,25606,N,10,84,202006
20200603,20200602,73,165060073,205422081,25585,N,5,85,202006
20200603,20200602,73,165060073,205522039,25579,N,4,86,202006
20200603,20200602,73,165060073,205522188,25579,N,4,87,202006
20200603,20200602,73,165060073,205522191,25579,N,5,88,202006
20200603,20200602,73,165060073,205522306,25579,N,3,89,202006
20200603,20200602,73,165060073,205522437,25579,N,4,90,202006
20200603,20200602,73,165060073,205550643,25562,N,5,91,202006
20200603,20200602,73,165060073,205616211,25565,N,1,92,202006
20200603,20200602,73,165060073,205730811,25553,N,2,93,202006
20200603,20200602,73,165060073,210015799,25566,N,1,94,202006
20200603,20200602,73,165060073,210531768,25588,N,10,95,202006
20200603,20200602,73,165060073,210753510,25584,N,5,96,202006
20200603,20200602,73,165060073,211942821,25604,N,1,97,202006
20200603,20200602,73,165060073,212249848,25594,N,1,98,202006
20200603,20200602,73,165060073,213745717,25615,N,2,99,202006
20200603,20200602,73,165060073,213918527,25615,N,1,100,202006
20200603,20200602,73,165060073,214123368,25610,N,1,101,202006
20200603,20200602,73,165060073,214546416,25594,N,1,102,202006
20200603,20200602,73,165060073,214548920,25589,N,5,103,202006
20200603,20200602,73,165060073,214549020,25589,N,6,104,202006
20200603,20200602,73,165060073,214549166,25589,N,9,105,202006
20200603,20200602,73,165060073,214713811,25579,N,5,106,202006
20200603,20200602,73,165060073,214713817,25579,N,5,107,202006
20200603,20200602,73,165060073,214714058,25579,N,10,108,202006
20200603,20200602,73,165060073,215005821,25558,N,1,109,202006
20200603,20200602,73,165060073,215301671,25570,N,1,110,202006
20200603,20200602,73,165060073,215423175,25563,N,1,111,202006
20200603,20200602,73,165060073,215549253,25574,N,1,112,202006
20200603,20200602,73,165060073,220027241,25582,N,1,113,202006
20200603,20200602,73,165060073,220203511,25574,N,1,114,202006
20200603,20200602,73,165060073,220332607,25559,N,5,115,202006
20200603,20200602,73,165060073,220332854,25559,N,6,116,202006
20200603,20200602,73,165060073,220333331,25559,N,9,117,202006
20200603,20200602,73,165060073,220403812,25551,N,1,118,202006
20200603,20200602,73,165060073,220419612,25545,N,1,119,202006
20200603,20200602,73,165060073,220419616,25544,N,1,120,202006
20200603,20200602,73,165060073,220722919,25547,N,1,121,202006
20200603,20200602,73,165060073,221502701,25564,N,1,122,202006
20200603,20200602,73,165060073,221558726,25563,N,1,123,202006
20200603,20200602,73,165060073,221625287,25562,N,2,124,202006
20200603,20200602,73,165060073,221816026,25569,N,1,125,202006
20200603,20200602,73,165060073,223514447,25558,N,1,126,202006
20200603,20200602,73,165060073,223550317,25539,N,5,127,202006
20200603,20200602,73,165060073,223550329,25539,N,5,128,202006
20200603,20200602,73,165060073,223550330,25539,N,3,129,202006
20200603,20200602,73,165060073,223550334,25539,N,6,130,202006
20200603,20200602,73,165060073,223550563,25539,N,1,131,202006
20200603,20200602,73,165060073,223734607,25525,N,1,132,202006
20200603,20200602,73,165060073,223740023,25515,N,1,133,202006
20200603,20200602,73,165060073,223747148,25505,N,5,134,202006
20200603,20200602,73,165060073,223814515,25492,N,1,135,202006
20200603,20200602,73,165060073,223820452,25489,N,5,136,202006
20200603,20200602,73,165060073,223942784,25522,N,1,137,202006
20200603,20200602,73,165060073,223947447,25515,N,1,138,202006
20200603,20200602,73,165060073,224021523,25522,N,1,139,202006
20200603,20200602,73,165060073,224103477,25535,N,1,140,202006
20200603,20200602,73,165060073,224215596,25527,N,2,141,202006
20200603,20200602,73,165060073,224417824,25530,N,1,142,202006
20200603,20200602,73,165060073,224502194,25521,N,1,143,202006
20200603,20200602,73,165060073,224632223,25515,N,1,144,202006
20200603,20200602,73,165060073,224634285,25510,N,1,145,202006
20200603,20200602,73,165060073,224830712,25509,N,1,146,202006
20200603,20200602,73,165060073,224902343,25505,N,1,147,202006
20200603,20200602,73,165060073,224929560,25508,N,6,148,202006
20200603,20200602,73,165060073,225222104,25545,N,1,149,202006
20200603,20200602,73,165060073,225422981,25549,N,1,150,202006
20200603,20200602,73,165060073,225957436,25580,N,10,151,202006
20200603,20200602,73,165060073,230031764,25590,N,1,152,202006
20200603,20200602,73,165060073,230203860,25590,N,1,153,202006
20200603,20200602,73,165060073,230315307,25581,N,1,154,202006
20200603,20200602,73,165060073,230609708,25605,N,2,155,202006
20200603,20200602,73,165060073,230610021,25606,N,5,156,202006
20200603,20200602,73,165060073,230706318,25610,N,2,157,202006
20200603,20200602,73,165060073,230904451,25614,N,2,158,202006
20200603,20200602,73,165060073,231418981,25591,N,2,159,202006
20200603,20200602,73,165060073,232009295,25630,N,1,160,202006
20200603,20200602,73,165060073,232034712,25645,N,1,161,202006
20200603,20200602,73,165060073,232217100,25625,N,1,162,202006
20200603,20200602,73,165060073,232757872,25652,N,2,163,202006
20200603,20200602,73,165060073,232824009,25653,N,1,164,202006
20200603,20200602,73,165060073,232837134,25656,N,1,165,202006
20200603,20200602,73,165060073,233000680,25665,N,1,166,202006
20200603,20200602,73,165060073,233046600,25677,N,1,167,202006
20200603,20200602,73,165060073,233109685,25667,N,1,168,202006
20200603,20200602,73,165060073,233147783,25667,N,1,169,202006
20200603,20200602,73,165060073,233316926,25662,N,1,170,202006
20200603,20200602,73,165060073,233413303,25654,N,1,171,202006
20200603,20200602,73,165060073,233709558,25648,N,1,172,202006
20200603,20200602,73,165060073,233947800,25656,N,2,173,202006
20200603,20200602,73,165060073,234610255,25613,N,2,174,202006
20200603,20200602,73,165060073,234724866,25591,N,2,175,202006
20200603,20200602,73,165060073,234726741,25587,N,1,176,202006
20200603,20200602,73,165060073,234742629,25604,N,3,177,202006
20200603,20200602,73,165060073,234854671,25586,N,1,178,202006
20200603,20200602,73,165060073,235001345,25581,N,1,179,202006
20200603,20200602,73,165060073,235036101,25579,N,1,180,202006
20200603,20200602,73,165060073,235047560,25562,N,3,181,202006
20200603,20200602,73,165060073,235309751,25578,N,1,182,202006
20200603,20200602,73,165060073,000142519,25607,N,1,183,202006
20200603,20200602,73,165060073,000246986,25575,N,1,184,202006
20200603,20200602,73,165060073,000326869,25543,N,2,185,202006
20200603,20200602,73,165060073,000338201,25544,N,2,186,202006
20200603,20200602,73,165060073,000417044,25557,N,1,187,202006
20200603,20200602,73,165060073,001005099,25514,N,1,188,202006
20200603,20200602,73,165060073,001021264,25530,N,1,189,202006
20200603,20200602,73,165060073,001035348,25533,N,1,190,202006
20200603,20200602,73,165060073,002013437,25545,N,21,191,202006
20200603,20200602,73,165060073,002013437,25544,N,16,192,202006
20200603,20200602,73,165060073,002013437,25543,N,2,193,202006
20200603,20200602,73,165060073,002013561,25543,N,5,194,202006
20200603,20200602,73,165060073,002013684,25543,N,5,195,202006
20200603,20200602,73,165060073,002013809,25543,N,5,196,202006
20200603,20200602,73,165060073,002016189,25543,N,5,197,202006
20200603,20200602,73,165060073,002016313,25543,N,5,198,202006
20200603,20200602,73,165060073,002016364,25543,N,11,199,202006
20200603,20200602,73,165060073,002016367,25543,N,5,200,202006
20200603,20200602,73,165060073,002016433,25543,N,2,201,202006
20200603,20200602,73,165060073,002016571,25543,N,8,202,202006
20200603,20200602,73,165060073,002106577,25550,N,1,203,202006
20200603,20200602,73,165060073,002330435,25555,N,1,204,202006
20200603,20200602,73,165060073,002539060,25550,N,1,205,202006
20200603,20200602,73,165060073,002736531,25554,N,9,206,202006
20200603,20200602,73,165060073,003902878,25582,N,1,207,202006
20200603,20200602,73,165060073,004111991,25581,N,11,208,202006
20200603,20200602,73,165060073,004113754,25581,N,5,209,202006
20200603,20200602,73,165060073,004115325,25581,N,5,210,202006
20200603,20200602,73,165060073,004115325,25581,N,4,211,202006
20200603,20200602,73,165060073,004128528,25581,N,11,212,202006
20200603,20200602,73,165060073,004128774,25581,N,27,213,202006
20200603,20200602,73,165060073,004128934,25581,N,27,214,202006
20200603,20200602,73,165060073,004129180,25581,N,10,215,202006
20200603,20200602,73,165060073,010112073,25551,N,1,216,202006
20200603,20200602,73,165060073,011515127,25576,N,1,217,202006
20200603,20200602,73,165060073,011524177,25573,N,1,218,202006
20200603,20200602,73,165060073,011700642,25575,N,1,219,202006
20200603,20200602,73,165060073,012556530,25569,N,1,220,202006
20200603,20200602,73,165060073,014404143,25602,N,1,221,202006
20200603,20200602,73,165060073,014712568,25599,N,1,222,202006
20200603,20200602,73,165060073,020739900,25610,N,2,223,202006
20200603,20200602,73,165060073,020822266,25612,N,1,224,202006
20200603,20200602,73,165060073,021939407,25635,N,1,225,202006
20200603,20200602,73,165060073,023150784,25610,N,2,226,202006
20200603,20200602,73,165060073,024426447,25630,N,1,227,202006
20200603,20200602,73,165060073,024844068,25610,N,1,228,202006
20200603,20200602,73,165060073,032408198,25600,N,1,229,202006
20200603,20200602,73,165060073,032726669,25577,N,1,230,202006
20200603,20200602,73,165060073,042535074,25532,N,1,231,202006
20200603,20200602,73,165060073,043727000,25571,N,2,232,202006
20200603,20200602,73,165060073,043727379,25572,N,2,233,202006
20200603,20200602,73,165060073,045000070,25628,N,10,234,202006
20200603,20200602,73,165060073,045044738,25638,N,2,235,202006
20200603,20200602,73,165060073,045225858,25650,N,1,236,202006
20200603,20200602,73,165060073,045933524,25676,N,1,237,202006
20200603,20200602,73,165060073,045959595,25700,N,3,238,202006
20200603,20200602,73,165060073,050122553,25706,N,4,239,202006
20200603,20200602,73,165060073,050153847,25705,N,10,240,202006
20200603,20200602,73,165060073,050153847,25706,N,11,241,202006
20200603,20200602,73,165060073,050153847,25707,N,11,242,202006
20200603,20200602,73,165060073,050153847,25708,N,10,243,202006
20200603,20200602,73,165060073,050155086,25710,N,11,244,202006
20200603,20200602,73,165060073,050155086,25711,N,1,245,202006
20200603,20200602,73,165060073,050201036,25709,N,11,246,202006
20200603,20200602,73,165060073,050201040,25709,N,5,247,202006
20200603,20200602,73,165060073,050201043,25709,N,11,248,202006
20200603,20200602,73,165060073,050201045,25709,N,11,249,202006
20200603,20200602,73,165060073,050201080,25709,N,3,250,202006
20200603,20200602,73,165060073,050201291,25709,N,11,251,202006
20200603,20200602,73,165060073,050201592,25709,N,16,252,202006
20200603,20200602,73,165060073,050202162,25709,N,22,253,202006
20200603,20200602,73,165060073,050202285,25709,N,22,254,202006
20200603,20200602,73,165060073,050202467,25709,N,5,255,202006
20200603,20200602,73,165060073,050202712,25709,N,41,256,202006
20200603,20200602,73,165060073,051559862,25708,N,1,257,202006
20200603,20200602,73,165060073,051916893,25708,N,1,258,202006
20200603,20200602,73,165060073,052228538,25718,N,2,259,202006
20200603,20200602,73,165060073,052354170,25715,N,1,260,202006
20200603,20200602,73,165060073,052354170,25725,N,1,261,202006
20200603,20200602,73,165060073,053001020,25708,E,1,262,202006
20200603,20200603,73,165060073,084501051,25778,O,15,263,202006
20200603,20200603,73,165060073,084525034,25780,N,3,264,202006
20200603,20200603,73,165060073,084625202,25781,N,2,265,202006
20200603,20200603,73,165060073,084626079,25780,N,1,266,202006
20200603,20200603,73,165060073,084725042,25771,N,3,267,202006
20200603,20200603,73,165060073,084727865,25772,N,1,268,202006
20200603,20200603,73,165060073,084748124,25774,N,5,269,202006
20200603,20200603,73,165060073,084813078,25780,N,5,270,202006
20200603,20200603,73,165060073,084855781,25783,N,2,271,202006
20200603,20200603,73,165060073,085009946,25800,N,2,272,202006
20200603,20200603,73,165060073,085031198,25809,N,1,273,202006
20200603,20200603,73,165060073,085034616,25806,N,1,274,202006
20200603,20200603,73,165060073,085104748,25806,N,1,275,202006
20200603,20200603,73,165060073,085305723,25789,N,1,276,202006
20200603,20200603,73,165060073,090249886,25794,N,1,277,202006
20200603,20200603,73,165060073,090314258,25798,N,1,278,202006
20200603,20200603,73,165060073,090411438,25808,N,2,279,202006
20200603,20200603,73,165060073,090432084,25810,N,1,280,202006
20200603,20200603,73,165060073,091131258,25801,N,5,281,202006
20200603,20200603,73,165060073,091153791,25811,N,1,282,202006
20200603,20200603,73,165060073,091153814,25811,N,1,283,202006
20200603,20200603,73,165060073,091153854,25811,N,1,284,202006
20200603,20200603,73,165060073,091153877,25811,N,1,285,202006
20200603,20200603,73,165060073,091158896,25811,N,1,286,202006
20200603,20200603,73,165060073,091604500,25807,N,1,287,202006
20200603,20200603,73,165060073,091837462,25799,N,1,288,202006
20200603,20200603,73,165060073,092038592,25800,N,1,289,202006
20200603,20200603,73,165060073,092038592,25802,N,10,290,202006
20200603,20200603,73,165060073,092038592,25804,N,21,291,202006
20200603,20200603,73,165060073,092038592,25805,N,21,292,202006
20200603,20200603,73,165060073,092038592,25810,N,2,293,202006
20200603,20200603,73,165060073,092354881,25802,N,21,294,202006
20200603,20200603,73,165060073,092354881,25801,N,11,295,202006
20200603,20200603,73,165060073,092354881,25800,N,10,296,202006
20200603,20200603,73,165060073,092354881,25796,N,10,297,202006
20200603,20200603,73,165060073,092354881,25785,N,3,298,202006
20200603,20200603,73,165060073,092524496,25806,N,5,299,202006
20200603,20200603,73,165060073,092620519,25800,N,8,300,202006
20200603,20200603,73,165060073,092933145,25799,N,2,301,202006
20200603,20200603,73,165060073,093024499,25795,N,5,302,202006
20200603,20200603,73,165060073,093431794,25795,N,3,303,202006
20200603,20200603,73,165060073,093602988,25761,N,3,304,202006
20200603,20200603,73,165060073,093602991,25761,N,1,305,202006
20200603,20200603,73,165060073,093642660,25774,N,1,306,202006
20200603,20200603,73,165060073,093751800,25781,N,1,307,202006
20200603,20200603,73,165060073,093757849,25785,N,1,308,202006
20200603,20200603,73,165060073,093813534,25789,N,1,309,202006
20200603,20200603,73,165060073,093845671,25784,N,1,310,202006
20200603,20200603,73,165060073,094516195,25800,N,1,311,202006
20200603,20200603,73,165060073,094528954,25804,N,1,312,202006
20200603,20200603,73,165060073,094914709,25815,N,1,313,202006
20200603,20200603,73,165060073,094914712,25822,N,1,314,202006
20200603,20200603,73,165060073,095524200,25820,N,2,315,202006
20200603,20200603,73,165060073,095700457,25824,N,1,316,202006
20200603,20200603,73,165060073,095850347,25828,N,1,317,202006
20200603,20200603,73,165060073,100237429,25855,N,3,318,202006
20200603,20200603,73,165060073,100237432,25855,N,1,319,202006
20200603,20200603,73,165060073,100515548,25838,N,1,320,202006
20200603,20200603,73,165060073,102811381,25810,N,1,321,202006
20200603,20200603,73,165060073,102812095,25808,N,1,322,202006
20200603,20200603,73,165060073,102829292,25817,N,1,323,202006
20200603,20200603,73,165060073,103051281,25816,N,1,324,202006
20200603,20200603,73,165060073,103558264,25800,N,1,325,202006
20200603,20200603,73,165060073,103846294,25800,N,5,326,202006
20200603,20200603,73,165060073,104128480,25800,N,1,327,202006
20200603,20200603,73,165060073,110623060,25782,N,5,328,202006
20200603,20200603,73,165060073,110623061,25782,N,4,329,202006
20200603,20200603,73,165060073,110734361,25791,N,1,330,202006
20200603,20200603,73,165060073,110830814,25786,N,1,331,202006
20200603,20200603,73,165060073,112122936,25767,N,1,332,202006
20200603,20200603,73,165060073,112128222,25770,N,10,333,202006
20200603,20200603,73,165060073,112610793,25765,N,1,334,202006
20200603,20200603,73,165060073,113030688,25765,N,2,335,202006
20200603,20200603,73,165060073,113056264,25768,N,8,336,202006
20200603,20200603,73,165060073,113056267,25768,N,9,337,202006
20200603,20200603,73,165060073,114004817,25777,N,5,338,202006
20200603,20200603,73,165060073,114004819,25777,N,2,339,202006
20200603,20200603,73,165060073,114315741,25787,N,1,340,202006
20200603,20200603,73,165060073,114727251,25767,N,6,341,202006
20200603,20200603,73,165060073,115317859,25770,N,2,342,202006
20200603,20200603,73,165060073,121802694,25809,N,1,343,202006
20200603,20200603,73,165060073,122903484,25815,N,10,344,202006
20200603,20200603,73,165060073,123131656,25815,N,4,345,202006
20200603,20200603,73,165060073,123131671,25815,N,1,346,202006
20200603,20200603,73,165060073,123213108,25816,N,21,347,202006
20200603,20200603,73,165060073,123213108,25817,N,9,348,202006
20200603,20200603,73,165060073,123415461,25819,N,20,349,202006
20200603,20200603,73,165060073,123415461,25820,N,10,350,202006
20200603,20200603,73,165060073,123829537,25820,N,1,351,202006
20200603,20200603,73,165060073,123914719,25825,N,1,352,202006
20200603,20200603,73,165060073,124402629,25808,N,2,353,202006
20200603,20200603,73,165060073,125320165,25803,N,6,354,202006
20200603,20200603,73,165060073,125320287,25803,N,5,355,202006
20200603,20200603,73,165060073,125324383,25803,N,5,356,202006
20200603,20200603,73,165060073,125324384,25803,N,3,357,202006
20200603,20200603,73,165060073,125324501,25804,N,4,358,202006
20200603,20200603,73,165060073,125325383,25803,N,4,359,202006
20200603,20200603,73,165060073,125326977,25803,N,5,360,202006
20200603,20200603,73,165060073,125327005,25803,N,10,361,202006
20200603,20200603,73,165060073,125327101,25803,N,5,362,202006
20200603,20200603,73,165060073,125327215,25803,N,5,363,202006
20200603,20200603,73,165060073,125327224,25803,N,5,364,202006
20200603,20200603,73,165060073,125327851,25803,N,2,365,202006
20200603,20200603,73,165060073,125343553,25796,N,1,366,202006
20200603,20200603,73,165060073,125646953,25800,N,9,367,202006
20200603,20200603,73,165060073,125838886,25801,N,1,368,202006
20200603,20200603,73,165060073,130021209,25792,N,1,369,202006
20200603,20200603,73,165060073,130159493,25805,N,1,370,202006
20200603,20200603,73,165060073,130413771,25803,N,11,371,202006
20200603,20200603,73,165060073,130413771,25803,N,1,372,202006
20200603,20200603,73,165060073,130418589,25799,N,21,373,202006
20200603,20200603,73,165060073,130428618,25799,N,10,374,202006
20200603,20200603,73,165060073,130628331,25803,N,11,375,202006
20200603,20200603,73,165060073,130628331,25802,N,11,376,202006
20200603,20200603,73,165060073,130628331,25800,N,10,377,202006
20200603,20200603,73,165060073,130629356,25800,N,1,378,202006
20200603,20200603,73,165060073,130629357,25800,N,5,379,202006
20200603,20200603,73,165060073,130633467,25800,N,6,380,202006
20200603,20200603,73,165060073,130753008,25800,N,3,381,202006
20200603,20200603,73,165060073,132057184,25789,N,11,382,202006
20200603,20200603,73,165060073,132136311,25788,N,11,383,202006
20200603,20200603,73,165060073,132136311,25787,N,11,384,202006
20200603,20200603,73,165060073,132136311,25786,N,10,385,202006
20200603,20200603,73,165060073,132136311,25784,N,10,386,202006
20200603,20200603,73,165060073,132136311,25783,N,6,387,202006
20200603,20200603,73,165060073,132136432,25783,N,2,388,202006
20200603,20200603,73,165060073,132154607,25784,N,1,389,202006
20200603,20200603,73,165060073,132218011,25789,N,6,390,202006
20200603,20200603,73,165060073,132226703,25788,N,1,391,202006
20200603,20200603,73,165060073,132305937,25788,N,11,392,202006
20200603,20200603,73,165060073,132630582,25781,N,5,393,202006
20200603,20200603,73,165060073,132755633,25789,N,6,394,202006
20200603,20200603,73,165060073,132755634,25789,N,2,395,202006
20200603,20200603,73,165060073,132800309,25789,N,2,396,202006
20200603,20200603,73,165060073,132800309,25789,N,5,397,202006
20200603,20200603,73,165060073,132800329,25789,N,2,398,202006
20200603,20200603,73,165060073,132803580,25789,N,10,399,202006
20200603,20200603,73,165060073,132803790,25789,N,10,400,202006
20200603,20200603,73,165060073,132804109,25789,N,10,401,202006
20200603,20200603,73,165060073,132809054,25789,N,1,402,202006
20200603,20200603,73,165060073,132809504,25789,N,1,403,202006
20200603,20200603,73,165060073,132809504,25788,N,3,404,202006
20200603,20200603,73,165060073,132810623,25789,N,6,405,202006
20200603,20200603,73,165060073,132810744,25789,N,5,406,202006
20200603,20200603,73,165060073,132810745,25789,N,5,407,202006
20200603,20200603,73,165060073,132810992,25789,N,5,408,202006
20200603,20200603,73,165060073,132811115,25789,N,3,409,202006
20200603,20200603,73,165060073,132841208,25795,N,11,410,202006
20200603,20200603,73,165060073,133129687,25799,N,8,411,202006
20200603,20200603,73,165060073,133141758,25798,N,1,412,202006
20200603,20200603,73,165060073,133719674,25810,N,1,413,202006
20200603,20200603,73,165060073,134058056,25803,N,1,414,202006
20200603,20200603,73,165060073,134852304,25814,N,10,415,202006
20200603,20200603,73,165060073,134913392,25809,N,10,416,202006
20200603,20200603,73,165060073,134913392,25810,N,30,417,202006
20200603,20200603,73,165060073,135141355,25810,N,1,418,202006
20200603,20200603,73,165060073,135444559,25810,N,1,419,202006
20200603,20200603,73,165060073,140839780,25829,N,1,420,202006
20200603,20200603,73,165060073,144120968,25818,N,2,421,202006
20200603,20200603,73,165060073,144130445,25816,N,1,422,202006
20200603,20200603,73,165060073,145425286,25816,N,2,423,202006
20200603,20200603,73,165060073,145539221,25820,N,1,424,202006
20200603,20200603,73,165060073,145703071,25825,N,1,425,202006
20200603,20200603,73,165060073,145814990,25830,N,1,426,202006
20200603,20200603,73,165060073,150019391,25835,N,1,427,202006
20200603,20200603,73,165060073,150114798,25859,N,2,428,202006
20200603,20200603,73,165060073,150116751,25859,N,18,429,202006
20200603,20200603,73,165060073,150116756,25863,N,10,430,202006
20200603,20200603,73,165060073,150116931,25875,N,1,431,202006
20200603,20200603,73,165060073,150118369,25865,N,1,432,202006
20200603,20200603,73,165060073,150125623,25873,N,2,433,202006
20200603,20200603,73,165060073,150733846,25833,N,1,434,202006
20200603,20200603,73,165060073,150813076,25841,N,1,435,202006
20200603,20200603,73,165060073,150948697,25850,N,5,436,202006
20200603,20200603,73,165060073,151501008,25856,E,1,437,202006
20200603,20200602,73,165090073,205550646,25415,O,1,438,202009
20200603,20200602,73,165090073,214857242,25416,N,1,439,202009
20200603,20200602,73,165090073,214859389,25415,N,1,440,202009
20200603,20200602,73,165090073,223733719,25380,N,2,441,202009
20200603,20200602,73,165090073,223734276,25375,N,1,442,202009
20200603,20200602,73,165090073,225318000,25455,N,1,443,202009
20200603,20200602,73,165090073,234055434,25500,N,2,444,202009
20200603,20200602,73,165090073,234055437,25500,N,1,445,202009
20200603,20200602,73,165090073,234715595,25450,N,1,446,202009
20200603,20200602,73,165090073,235243837,25305,N,1,447,202009
20200603,20200602,73,165090073,001006864,25350,N,1,448,202009
20200603,20200602,73,165090073,032311964,25450,N,1,449,202009
20200603,20200602,73,165090073,045608753,25600,E,1,450,202009
20200603,20200603,73,165090073,084501051,25610,O,3,451,202009
20200603,20200603,73,165090073,085314850,25799,N,1,452,202009
20200603,20200603,73,165090073,090359224,25611,N,1,453,202009
20200603,20200603,73,165090073,092421493,25777,N,1,454,202009
20200603,20200603,73,165090073,092421493,25799,N,1,455,202009
20200603,20200603,73,165090073,092421493,25800,N,1,456,202009
20200603,20200603,73,165090073,092421493,25829,N,1,457,202009
20200603,20200603,73,165090073,092421493,25830,N,1,458,202009
20200603,20200603,73,165090073,092916095,25830,N,2,459,202009
20200603,20200603,73,165090073,093359559,25829,N,4,460,202009
20200603,20200603,73,165090073,093530903,25627,N,4,461,202009
20200603,20200603,73,165090073,093537374,25625,N,3,462,202009
20200603,20200603,73,165090073,093538965,25620,N,3,463,202009
20200603,20200603,73,165090073,100411448,25798,N,1,464,202009
20200603,20200603,73,165090073,102748200,25656,N,1,465,202009
20200603,20200603,73,165090073,105055326,25660,N,2,466,202009
20200603,20200603,73,165090073,112030472,25622,N,1,467,202009
20200603,20200603,73,165090073,112030596,25621,E,1,468,202009
20200604,20200603,73,165060073,163001046,25900,O,1,1,202006
20200604,20200603,73,165060073,163011390,25848,N,7,2,202006
20200604,20200603,73,165060073,163012341,25860,N,1,3,202006
20200604,20200603,73,165060073,163012364,25848,N,2,4,202006
20200604,20200603,73,165060073,163012364,25848,N,2,5,202006
20200604,20200603,73,165060073,163012407,25848,N,1,6,202006
20200604,20200603,73,165060073,163012475,25848,N,4,7,202006
20200604,20200603,73,165060073,163140201,25835,N,1,8,202006
20200604,20200603,73,165060073,163233158,25824,N,6,9,202006
20200604,20200603,73,165060073,164034412,25855,N,10,10,202006
20200604,20200603,73,165060073,164056825,25855,N,10,11,202006
20200604,20200603,73,165060073,164116702,25854,N,10,12,202006
20200604,20200603,73,165060073,164117036,25854,N,5,13,202006
20200604,20200603,73,165060073,164342124,25851,N,5,14,202006
20200604,20200603,73,165060073,164409455,25851,N,5,15,202006
20200604,20200603,73,165060073,164411258,25852,N,21,16,202006
20200604,20200603,73,165060073,164411258,25853,N,21,17,202006
20200604,20200603,73,165060073,164411266,25853,N,6,18,202006
20200604,20200603,73,165060073,164411397,25853,N,2,19,202006
20200604,20200603,73,165060073,164411397,25851,N,5,20,202006
20200604,20200603,73,165060073,164411397,25850,N,2,21,202006
20200604,20200603,73,165060073,164411416,25850,N,5,22,202006
20200604,20200603,73,165060073,164416152,25850,N,3,23,202006
20200604,20200603,73,165060073,164416182,25850,N,5,24,202006
20200604,20200603,73,165060073,165006502,25864,N,1,25,202006
20200604,20200603,73,165060073,165100901,25866,N,6,26,202006
20200604,20200603,73,165060073,165632026,25855,N,2,27,202006
20200604,20200603,73,165060073,170520128,25860,N,1,28,202006
20200604,20200603,73,165060073,171000954,25832,N,1,29,202006
20200604,20200603,73,165060073,171800790,25802,N,10,30,202006
20200604,20200603,73,165060073,172135632,25830,N,1,31,202006
20200604,20200603,73,165060073,175713758,25851,N,1,32,202006
20200604,20200603,73,165060073,180143796,25843,N,1,33,202006
20200604,20200603,73,165060073,180636644,25848,N,1,34,202006
20200604,20200603,73,165060073,180801667,25845,N,5,35,202006
20200604,20200603,73,165060073,180803655,25844,N,8,36,202006
20200604,20200603,73,165060073,181016049,25850,N,2,37,202006
20200604,20200603,73,165060073,181211277,25852,N,6,38,202006
20200604,20200603,73,165060073,181235664,25859,N,6,39,202006
20200604,20200603,73,165060073,181727504,25860,N,1,40,202006
20200604,20200603,73,165060073,182031564,25852,N,6,41,202006
20200604,20200603,73,165060073,182031690,25852,N,5,42,202006
20200604,20200603,73,165060073,182037414,25852,N,6,43,202006
20200604,20200603,73,165060073,182037535,25852,N,5,44,202006
20200604,20200603,73,165060073,182038397,25852,N,6,45,202006
20200604,20200603,73,165060073,182038434,25852,N,5,46,202006
20200604,20200603,73,165060073,182038518,25852,N,5,47,202006
20200604,20200603,73,165060073,182039352,25852,N,6,48,202006
20200604,20200603,73,165060073,182039485,25852,N,5,49,202006
20200604,20200603,73,165060073,182042407,25852,N,1,50,202006
20200604,20200603,73,165060073,183033620,25900,N,1,51,202006
20200604,20200603,73,165060073,184721075,25887,N,1,52,202006
20200604,20200603,73,165060073,185237354,25900,N,1,53,202006
20200604,20200603,73,165060073,190519540,25850,N,15,54,202006
20200604,20200603,73,165060073,193333540,25876,N,21,55,202006
20200604,20200603,73,165060073,193333540,25875,N,11,56,202006
20200604,20200603,73,165060073,193333540,25874,N,10,57,202006
20200604,20200603,73,165060073,193333540,25870,N,10,58,202006
20200604,20200603,73,165060073,193333540,25859,N,3,59,202006
20200604,20200603,73,165060073,195229790,25861,N,1,60,202006
20200604,20200603,73,165060073,195253190,25859,N,1,61,202006
20200604,20200603,73,165060073,195627165,25846,N,8,62,202006
20200604,20200603,73,165060073,195627168,25840,N,10,63,202006
20200604,20200603,73,165060073,200020654,25830,N,1,64,202006
20200604,20200603,73,165060073,200108567,25842,N,1,65,202006
20200604,20200603,73,165060073,201149220,25863,N,1,66,202006
20200604,20200603,73,165060073,202707747,25841,N,1,67,202006
20200604,20200603,73,165060073,203709356,25830,N,2,68,202006
20200604,20200603,73,165060073,203802944,25842,N,1,69,202006
20200604,20200603,73,165060073,203834844,25843,N,7,70,202006
20200604,20200603,73,165060073,204113282,25842,N,1,71,202006
20200604,20200603,73,165060073,204742896,25858,N,1,72,202006
20200604,20200603,73,165060073,205125558,25870,N,1,73,202006
20200604,20200603,73,165060073,205617046,25880,N,1,74,202006
20200604,20200603,73,165060073,205846530,25872,N,1,75,202006
20200604,20200603,73,165060073,210606197,25880,N,1,76,202006
20200604,20200603,73,165060073,210828471,25859,N,1,77,202006
20200604,20200603,73,165060073,211251210,25886,N,1,78,202006
20200604,20200603,73,165060073,211500990,25886,N,1,79,202006
20200604,20200603,73,165060073,211505854,25894,N,7,80,202006
20200604,20200603,73,165060073,211802989,25899,N,1,81,202006
20200604,20200603,73,165060073,211804044,25900,N,1,82,202006
20200604,20200603,73,165060073,212521772,25920,N,1,83,202006
20200604,20200603,73,165060073,212847233,25903,N,1,84,202006
20200604,20200603,73,165060073,213545524,25921,N,1,85,202006
20200604,20200603,73,165060073,214216788,25929,N,5,86,202006
20200604,20200603,73,165060073,214217035,25929,N,6,87,202006
20200604,20200603,73,165060073,214233410,25929,N,1,88,202006
20200604,20200603,73,165060073,214247124,25929,N,6,89,202006
20200604,20200603,73,165060073,214247125,25929,N,2,90,202006
20200604,20200603,73,165060073,214604515,25933,N,1,91,202006
20200604,20200603,73,165060073,215327720,25940,N,1,92,202006
20200604,20200603,73,165060073,215356632,25950,N,1,93,202006
20200604,20200603,73,165060073,215641564,25965,N,1,94,202006
20200604,20200603,73,165060073,215759671,25950,N,1,95,202006
20200604,20200603,73,165060073,221545049,25952,N,4,96,202006
20200604,20200603,73,165060073,221545049,25950,N,10,97,202006
20200604,20200603,73,165060073,221545049,25948,N,6,98,202006
20200604,20200603,73,165060073,221547799,25954,N,5,99,202006
20200604,20200603,73,165060073,221606601,25953,N,5,100,202006
20200604,20200603,73,165060073,221701210,25951,N,5,101,202006
20200604,20200603,73,165060073,221701336,25951,N,1,102,202006
20200604,20200603,73,165060073,221723501,25948,N,6,103,202006
20200604,20200603,73,165060073,222212727,25955,N,5,104,202006
20200604,20200603,73,165060073,222340164,25955,N,4,105,202006
20200604,20200603,73,165060073,222340164,25951,N,2,106,202006
20200604,20200603,73,165060073,222358771,25960,N,1,107,202006
20200604,20200603,73,165060073,222512154,25969,N,4,108,202006
20200604,20200603,73,165060073,222512282,25969,N,5,109,202006
20200604,20200603,73,165060073,222512407,25969,N,5,110,202006
20200604,20200603,73,165060073,222512530,25969,N,5,111,202006
20200604,20200603,73,165060073,222512654,25969,N,1,112,202006
20200604,20200603,73,165060073,222513902,25975,N,1,113,202006
20200604,20200603,73,165060073,222514021,25976,N,3,114,202006
20200604,20200603,73,165060073,222527616,25968,N,11,115,202006
20200604,20200603,73,165060073,222527616,25969,N,9,116,202006
20200604,20200603,73,165060073,222600800,25962,N,1,117,202006
20200604,20200603,73,165060073,222609311,25963,N,20,118,202006
20200604,20200603,73,165060073,222744071,25971,N,3,119,202006
20200604,20200603,73,165060073,222915830,25960,N,4,120,202006
20200604,20200603,73,165060073,222915843,25960,N,5,121,202006
20200604,20200603,73,165060073,222915966,25960,N,1,122,202006
20200604,20200603,73,165060073,223011347,25941,N,1,123,202006
20200604,20200603,73,165060073,223025998,25951,N,11,124,202006
20200604,20200603,73,165060073,223025998,25952,N,11,125,202006
20200604,20200603,73,165060073,223025998,25954,N,8,126,202006
20200604,20200603,73,165060073,223131600,25939,N,1,127,202006
20200604,20200603,73,165060073,223416769,25958,N,4,128,202006
20200604,20200603,73,165060073,223507766,25957,N,4,129,202006
20200604,20200603,73,165060073,223507776,25956,N,5,130,202006
20200604,20200603,73,165060073,223546435,25942,N,1,131,202006
20200604,20200603,73,165060073,223654331,25912,N,1,132,202006
20200604,20200603,73,165060073,223710337,25900,N,5,133,202006
20200604,20200603,73,165060073,223711371,25896,N,10,134,202006
20200604,20200603,73,165060073,223711371,25896,N,10,135,202006
20200604,20200603,73,165060073,223711463,25896,N,7,136,202006
20200604,20200603,73,165060073,223711472,25896,N,6,137,202006
20200604,20200603,73,165060073,223711495,25896,N,11,138,202006
20200604,20200603,73,165060073,223711499,25896,N,6,139,202006
20200604,20200603,73,165060073,223815176,25896,N,1,140,202006
20200604,20200603,73,165060073,224155726,25933,N,1,141,202006
20200604,20200603,73,165060073,224243688,25942,N,16,142,202006
20200604,20200603,73,165060073,224243688,25941,N,10,143,202006
20200604,20200603,73,165060073,224243798,25939,N,11,144,202006
20200604,20200603,73,165060073,224243812,25939,N,5,145,202006
20200604,20200603,73,165060073,224243830,25939,N,5,146,202006
20200604,20200603,73,165060073,224243936,25939,N,3,147,202006
20200604,20200603,73,165060073,224253501,25951,N,2,148,202006
20200604,20200603,73,165060073,224254574,25949,N,5,149,202006
20200604,20200603,73,165060073,224258531,25952,N,3,150,202006
20200604,20200603,73,165060073,224402101,25946,N,1,151,202006
20200604,20200603,73,165060073,224434747,25947,N,1,152,202006
20200604,20200603,73,165060073,224440199,25954,N,5,153,202006
20200604,20200603,73,165060073,224440322,25954,N,5,154,202006
20200604,20200603,73,165060073,224440446,25954,N,5,155,202006
20200604,20200603,73,165060073,224440806,25954,N,5,156,202006
20200604,20200603,73,165060073,224441187,25954,N,5,157,202006
20200604,20200603,73,165060073,224441761,25954,N,5,158,202006
20200604,20200603,73,165060073,224442008,25954,N,5,159,202006
20200604,20200603,73,165060073,224442557,25954,N,5,160,202006
20200604,20200603,73,165060073,224442686,25954,N,5,161,202006
20200604,20200603,73,165060073,224450304,25954,N,5,162,202006
20200604,20200603,73,165060073,224750567,25958,N,2,163,202006
20200604,20200603,73,165060073,224800331,25949,N,10,164,202006
20200604,20200603,73,165060073,225035954,25965,N,10,165,202006
20200604,20200603,73,165060073,225504338,25935,N,1,166,202006
20200604,20200603,73,165060073,225641726,25929,N,1,167,202006
20200604,20200603,73,165060073,225641726,25928,N,1,168,202006
20200604,20200603,73,165060073,230300405,25966,N,1,169,202006
20200604,20200603,73,165060073,230739753,25990,N,1,170,202006
20200604,20200603,73,165060073,231628748,25980,N,1,171,202006
20200604,20200603,73,165060073,231633148,25978,N,1,172,202006
20200604,20200603,73,165060073,231832641,25990,N,1,173,202006
20200604,20200603,73,165060073,232100703,25986,N,1,174,202006
20200604,20200603,73,165060073,232341836,25988,N,11,175,202006
20200604,20200603,73,165060073,232341836,25987,N,19,176,202006
20200604,20200603,73,165060073,232436772,25999,N,1,177,202006
20200604,20200603,73,165060073,232436853,25999,N,1,178,202006
20200604,20200603,73,165060073,232436969,25999,N,1,179,202006
20200604,20200603,73,165060073,232437018,25999,N,1,180,202006
20200604,20200603,73,165060073,232437039,25999,N,1,181,202006
20200604,20200603,73,165060073,232439606,25999,N,5,182,202006
20200604,20200603,73,165060073,232439950,25999,N,2,183,202006
20200604,20200603,73,165060073,232440009,25999,N,8,184,202006
20200604,20200603,73,165060073,232440011,26000,N,5,185,202006
20200604,20200603,73,165060073,232453937,26000,N,2,186,202006
20200604,20200603,73,165060073,232515876,25995,N,21,187,202006
20200604,20200603,73,165060073,232515876,25992,N,9,188,202006
20200604,20200603,73,165060073,232600224,26003,N,1,189,202006
20200604,20200603,73,165060073,232651872,26010,N,2,190,202006
20200604,20200603,73,165060073,232701724,26010,N,3,191,202006
20200604,20200603,73,165060073,232702562,26007,N,3,192,202006
20200604,20200603,73,165060073,232821893,26022,N,1,193,202006
20200604,20200603,73,165060073,232852304,26033,N,1,194,202006
20200604,20200603,73,165060073,232948529,26033,N,1,195,202006
20200604,20200603,73,165060073,233205790,26031,N,5,196,202006
20200604,20200603,73,165060073,233355038,26034,N,1,197,202006
20200604,20200603,73,165060073,234739482,26038,N,3,198,202006
20200604,20200603,73,165060073,235303679,26030,N,1,199,202006
20200604,20200603,73,165060073,235323854,26033,N,4,200,202006
20200604,20200603,73,165060073,235323855,26033,N,1,201,202006
20200604,20200603,73,165060073,235323887,26033,N,1,202,202006
20200604,20200603,73,165060073,235323906,26033,N,1,203,202006
20200604,20200603,73,165060073,235323929,26033,N,3,204,202006
20200604,20200603,73,165060073,235505825,26040,N,6,205,202006
20200604,20200603,73,165060073,235616679,26048,N,1,206,202006
20200604,20200603,73,165060073,235752911,26041,N,2,207,202006
20200604,20200603,73,165060073,235840726,26041,N,1,208,202006
20200604,20200603,73,165060073,000003980,26030,N,6,209,202006
20200604,20200603,73,165060073,000118935,26044,N,1,210,202006
20200604,20200603,73,165060073,000646502,26093,N,1,211,202006
20200604,20200603,73,165060073,000647055,26093,N,1,212,202006
20200604,20200603,73,165060073,000805651,26099,N,1,213,202006
20200604,20200603,73,165060073,000805652,26100,N,2,214,202006
20200604,20200603,73,165060073,000805652,26101,N,1,215,202006
20200604,20200603,73,165060073,000805656,26101,N,1,216,202006
20200604,20200603,73,165060073,000808269,26100,N,1,217,202006
20200604,20200603,73,165060073,000816264,26099,N,1,218,202006
20200604,20200603,73,165060073,000821298,26099,N,8,219,202006
20200604,20200603,73,165060073,001031991,26099,N,6,220,202006
20200604,20200603,73,165060073,001031994,26099,N,9,221,202006
20200604,20200603,73,165060073,001033202,26100,N,1,222,202006
20200604,20200603,73,165060073,001106773,26100,N,1,223,202006
20200604,20200603,73,165060073,001424532,26117,N,7,224,202006
20200604,20200603,73,165060073,001451629,26116,N,1,225,202006
20200604,20200603,73,165060073,001615474,26126,N,1,226,202006
20200604,20200603,73,165060073,001942225,26128,N,10,227,202006
20200604,20200603,73,165060073,001957187,26122,N,10,228,202006
20200604,20200603,73,165060073,002634184,26114,N,6,229,202006
20200604,20200603,73,165060073,002713761,26114,N,6,230,202006
20200604,20200603,73,165060073,003728380,26140,N,1,231,202006
20200604,20200603,73,165060073,003917671,26142,N,1,232,202006
20200604,20200603,73,165060073,003957402,26141,N,1,233,202006
20200604,20200603,73,165060073,004324419,26147,N,1,234,202006
20200604,20200603,73,165060073,004604436,26150,N,1,235,202006
20200604,20200603,73,165060073,005019369,26153,N,5,236,202006
20200604,20200603,73,165060073,005058526,26130,N,1,237,202006
20200604,20200603,73,165060073,005412858,26125,N,1,238,202006
20200604,20200603,73,165060073,005515485,26125,N,11,239,202006
20200604,20200603,73,165060073,005515485,26124,N,21,240,202006
20200604,20200603,73,165060073,005515693,26124,N,11,241,202006
20200604,20200603,73,165060073,005519047,26124,N,7,242,202006
20200604,20200603,73,165060073,005754639,26130,N,1,243,202006
20200604,20200603,73,165060073,005932080,26130,N,10,244,202006
20200604,20200603,73,165060073,010015483,26130,N,11,245,202006
20200604,20200603,73,165060073,010017608,26130,N,11,246,202006
20200604,20200603,73,165060073,010018086,26130,N,11,247,202006
20200604,20200603,73,165060073,010018436,26130,N,11,248,202006
20200604,20200603,73,165060073,010223387,26130,N,1,249,202006
20200604,20200603,73,165060073,010343794,26124,N,1,250,202006
20200604,20200603,73,165060073,010343914,26125,N,1,251,202006
20200604,20200603,73,165060073,010524578,26129,N,1,252,202006
20200604,20200603,73,165060073,010528429,26130,N,1,253,202006
20200604,20200603,73,165060073,011727029,26109,N,5,254,202006
20200604,20200603,73,165060073,011727033,26109,N,5,255,202006
20200604,20200603,73,165060073,012004070,26110,N,1,256,202006
20200604,20200603,73,165060073,012237511,26092,N,2,257,202006
20200604,20200603,73,165060073,012237514,26092,N,1,258,202006
20200604,20200603,73,165060073,012454001,26087,N,5,259,202006
20200604,20200603,73,165060073,012519857,26092,N,5,260,202006
20200604,20200603,73,165060073,012541542,26092,N,1,261,202006
20200604,20200603,73,165060073,012545154,26092,N,1,262,202006
20200604,20200603,73,165060073,012545272,26092,N,1,263,202006
20200604,20200603,73,165060073,012545368,26092,N,1,264,202006
20200604,20200603,73,165060073,012555603,26088,N,5,265,202006
20200604,20200603,73,165060073,012634342,26092,N,11,266,202006
20200604,20200603,73,165060073,012634715,26092,N,5,267,202006
20200604,20200603,73,165060073,012635183,26092,N,5,268,202006
20200604,20200603,73,165060073,012635429,26092,N,6,269,202006
20200604,20200603,73,165060073,012636152,26092,N,5,270,202006
20200604,20200603,73,165060073,012637028,26092,N,9,271,202006
20200604,20200603,73,165060073,012733307,26102,N,20,272,202006
20200604,20200603,73,165060073,012852948,26104,N,5,273,202006
20200604,20200603,73,165060073,012912441,26104,N,15,274,202006
20200604,20200603,73,165060073,012926750,26110,N,1,275,202006
20200604,20200603,73,165060073,013034440,26120,N,5,276,202006
20200604,20200603,73,165060073,013034686,26120,N,15,277,202006
20200604,20200603,73,165060073,014023319,26126,N,6,278,202006
20200604,20200603,73,165060073,015150506,26111,N,1,279,202006
20200604,20200603,73,165060073,021536988,26129,N,1,280,202006
20200604,20200603,73,165060073,021711021,26116,N,2,281,202006
20200604,20200603,73,165060073,022713397,26133,N,1,282,202006
20200604,20200603,73,165060073,022939966,26128,N,1,283,202006
20200604,20200603,73,165060073,023043913,26115,N,1,284,202006
20200604,20200603,73,165060073,024913496,26120,N,1,285,202006
20200604,20200603,73,165060073,030250406,26151,N,1,286,202006
20200604,20200603,73,165060073,030432230,26171,N,1,287,202006
20200604,20200603,73,165060073,030511823,26170,N,1,288,202006
20200604,20200603,73,165060073,030523660,26168,N,2,289,202006
20200604,20200603,73,165060073,030811436,26157,N,1,290,202006
20200604,20200603,73,165060073,030811436,26152,N,10,291,202006
20200604,20200603,73,165060073,031047024,26161,N,1,292,202006
20200604,20200603,73,165060073,031422296,26160,N,1,293,202006
20200604,20200603,73,165060073,032406239,26176,N,1,294,202006
20200604,20200603,73,165060073,033404221,26200,N,4,295,202006
20200604,20200603,73,165060073,033404222,26199,N,5,296,202006
20200604,20200603,73,165060073,033405321,26200,N,1,297,202006
20200604,20200603,73,165060073,033434357,26203,N,1,298,202006
20200604,20200603,73,165060073,034604712,26220,N,5,299,202006
20200604,20200603,73,165060073,035907211,26201,N,1,300,202006
20200604,20200603,73,165060073,040039473,26185,N,1,301,202006
20200604,20200603,73,165060073,040228553,26179,N,1,302,202006
20200604,20200603,73,165060073,041145436,26201,N,6,303,202006
20200604,20200603,73,165060073,041330691,26206,N,2,304,202006
20200604,20200603,73,165060073,042346823,26235,N,5,305,202006
20200604,20200603,73,165060073,042708178,26250,N,1,306,202006
20200604,20200603,73,165060073,042708178,26251,N,4,307,202006
20200604,20200603,73,165060073,044147401,26290,N,3,308,202006
20200604,20200603,73,165060073,044148143,26291,N,1,309,202006
20200604,20200603,73,165060073,044237626,26298,N,1,310,202006
20200604,20200603,73,165060073,044414058,26300,N,2,311,202006
20200604,20200603,73,165060073,044900075,26278,N,1,312,202006
20200604,20200603,73,165060073,045550858,26270,N,1,313,202006
20200604,20200603,73,165060073,050552294,26228,N,5,314,202006
20200604,20200603,73,165060073,050757373,26220,N,1,315,202006
20200604,20200603,73,165060073,053001019,26209,E,1,316,202006
20200604,20200604,73,165060073,084501051,26334,O,2,317,202006
20200604,20200604,73,165060073,084520634,26343,N,2,318,202006
20200604,20200604,73,165060073,084527337,26342,N,1,319,202006
20200604,20200604,73,165060073,084729978,26318,N,1,320,202006
20200604,20200604,73,165060073,084837590,26304,N,2,321,202006
20200604,20200604,73,165060073,085105303,26318,N,6,322,202006
20200604,20200604,73,165060073,085244735,26314,N,2,323,202006
20200604,20200604,73,165060073,085255346,26306,N,5,324,202006
20200604,20200604,73,165060073,085321241,26305,N,1,325,202006
20200604,20200604,73,165060073,085324985,26305,N,1,326,202006
20200604,20200604,73,165060073,085352216,26308,N,4,327,202006
20200604,20200604,73,165060073,085358902,26314,N,1,328,202006
20200604,20200604,73,165060073,085455297,26316,N,11,329,202006
20200604,20200604,73,165060073,085553671,26316,N,11,330,202006
20200604,20200604,73,165060073,085553675,26316,N,5,331,202006
20200604,20200604,73,165060073,085553675,26316,N,4,332,202006
20200604,20200604,73,165060073,085553678,26316,N,16,333,202006
20200604,20200604,73,165060073,085553924,26316,N,3,334,202006
20200604,20200604,73,165060073,085924044,26313,N,1,335,202006
20200604,20200604,73,165060073,090546066,26300,N,1,336,202006
20200604,20200604,73,165060073,090547297,26298,N,1,337,202006
20200604,20200604,73,165060073,092455556,26261,N,1,338,202006
20200604,20200604,73,165060073,092455817,26253,N,1,339,202006
20200604,20200604,73,165060073,092527253,26240,N,1,340,202006
20200604,20200604,73,165060073,093510591,26233,N,1,341,202006
20200604,20200604,73,165060073,093838512,26233,N,1,342,202006
20200604,20200604,73,165060073,093906722,26233,N,2,343,202006
20200604,20200604,73,165060073,093937975,26230,N,1,344,202006
20200604,20200604,73,165060073,093943869,26231,N,8,345,202006
20200604,20200604,73,165060073,093943872,26231,N,13,346,202006
20200604,20200604,73,165060073,093943872,26230,N,11,347,202006
20200604,20200604,73,165060073,093943872,26229,N,8,348,202006
20200604,20200604,73,165060073,094026660,26228,N,10,349,202006
20200604,20200604,73,165060073,094033595,26226,N,4,350,202006
20200604,20200604,73,165060073,094045784,26229,N,5,351,202006
20200604,20200604,73,165060073,094046084,26229,N,4,352,202006
20200604,20200604,73,165060073,094139953,26230,N,1,353,202006
20200604,20200604,73,165060073,095313163,26218,N,2,354,202006
20200604,20200604,73,165060073,100531280,26254,N,11,355,202006
20200604,20200604,73,165060073,100531281,26254,N,11,356,202006
20200604,20200604,73,165060073,100531288,26254,N,5,357,202006
20200604,20200604,73,165060073,100531289,26254,N,4,358,202006
20200604,20200604,73,165060073,100531290,26254,N,5,359,202006
20200604,20200604,73,165060073,100531309,26254,N,6,360,202006
20200604,20200604,73,165060073,100531314,26254,N,5,361,202006
20200604,20200604,73,165060073,100531536,26254,N,3,362,202006
20200604,20200604,73,165060073,100730871,26248,N,1,363,202006
20200604,20200604,73,165060073,101023076,26243,N,1,364,202006
20200604,20200604,73,165060073,101735306,26238,N,1,365,202006
20200604,20200604,73,165060073,101949404,26237,N,1,366,202006
20200604,20200604,73,165060073,103421145,26225,N,1,367,202006
20200604,20200604,73,165060073,103636481,26219,N,1,368,202006
20200604,20200604,73,165060073,104022987,26219,N,1,369,202006
20200604,20200604,73,165060073,104413818,26208,N,1,370,202006
20200604,20200604,73,165060073,104720767,26210,N,1,371,202006
20200604,20200604,73,165060073,104822528,26209,N,10,372,202006
20200604,20200604,73,165060073,104822528,26208,N,12,373,202006
20200604,20200604,73,165060073,110235982,26174,N,4,374,202006
20200604,20200604,73,165060073,110242575,26175,N,5,375,202006
20200604,20200604,73,165060073,110646808,26176,N,3,376,202006
20200604,20200604,73,165060073,111501529,26169,N,11,377,202006
20200604,20200604,73,165060073,111501529,26168,N,11,378,202006
20200604,20200604,73,165060073,111502933,26168,N,5,379,202006
20200604,20200604,73,165060073,111505633,26168,N,5,380,202006
20200604,20200604,73,165060073,111636791,26167,N,1,381,202006
20200604,20200604,73,165060073,111707930,26164,N,10,382,202006
20200604,20200604,73,165060073,111840801,26156,N,10,383,202006
20200604,20200604,73,165060073,112046142,26172,N,1,384,202006
20200604,20200604,73,165060073,113343787,26148,N,11,385,202006
20200604,20200604,73,165060073,113343911,26148,N,16,386,202006
20200604,20200604,73,165060073,113344034,26148,N,16,387,202006
20200604,20200604,73,165060073,113344280,26148,N,7,388,202006
20200604,20200604,73,165060073,113544815,26157,N,5,389,202006
20200604,20200604,73,165060073,113729324,26143,N,11,390,202006
20200604,20200604,73,165060073,113729469,26143,N,4,391,202006
20200604,20200604,73,165060073,114027202,26146,N,2,392,202006
20200604,20200604,73,165060073,114349785,26152,N,1,393,202006
20200604,20200604,73,165060073,114800986,26144,N,1,394,202006
20200604,20200604,73,165060073,115355871,26140,N,4,395,202006
20200604,20200604,73,165060073,120231367,26139,N,1,396,202006
20200604,20200604,73,165060073,120234156,26140,N,4,397,202006
20200604,20200604,73,165060073,120314658,26139,N,5,398,202006
20200604,20200604,73,165060073,120342603,26139,N,5,399,202006
20200604,20200604,73,165060073,120459478,26143,N,1,400,202006
20200604,20200604,73,165060073,121557138,26150,N,1,401,202006
20200604,20200604,73,165060073,121625631,26152,N,1,402,202006
20200604,20200604,73,165060073,122127227,26157,N,1,403,202006
20200604,20200604,73,165060073,122319651,26166,N,1,404,202006
20200604,20200604,73,165060073,122320101,26166,N,2,405,202006
20200604,20200604,73,165060073,123236425,26147,N,10,406,202006
20200604,20200604,73,165060073,123702549,26159,N,1,407,202006
20200604,20200604,73,165060073,123757069,26161,N,1,408,202006
20200604,20200604,73,165060073,124349411,26172,N,1,409,202006
20200604,20200604,73,165060073,124605006,26166,N,1,410,202006
20200604,20200604,73,165060073,125638081,26180,N,1,411,202006
20200604,20200604,73,165060073,125638083,26186,N,1,412,202006
20200604,20200604,73,165060073,130222314,26199,N,8,413,202006
20200604,20200604,73,165060073,130222317,26199,N,13,414,202006
20200604,20200604,73,165060073,130222317,26200,N,15,415,202006
20200604,20200604,73,165060073,130553285,26200,N,5,416,202006
20200604,20200604,73,165060073,130553285,26201,N,6,417,202006
20200604,20200604,73,165060073,131107999,26202,N,6,418,202006
20200604,20200604,73,165060073,131132871,26201,N,10,419,202006
20200604,20200604,73,165060073,131348471,26200,N,10,420,202006
20200604,20200604,73,165060073,131351437,26200,N,5,421,202006
20200604,20200604,73,165060073,132310327,26199,N,10,422,202006
20200604,20200604,73,165060073,132427957,26198,N,1,423,202006
20200604,20200604,73,165060073,133026818,26188,N,1,424,202006
20200604,20200604,73,165060073,133337545,26204,N,1,425,202006
20200604,20200604,73,165060073,140158452,26222,N,11,426,202006
20200604,20200604,73,165060073,140158452,26223,N,21,427,202006
20200604,20200604,73,165060073,140158452,26225,N,10,428,202006
20200604,20200604,73,165060073,140158452,26226,N,8,429,202006
20200604,20200604,73,165060073,142020801,26227,N,1,430,202006
20200604,20200604,73,165060073,142703578,26227,N,1,431,202006
20200604,20200604,73,165060073,144239469,26212,N,1,432,202006
20200604,20200604,73,165060073,144629056,26213,N,10,433,202006
20200604,20200604,73,165060073,144718462,26214,N,1,434,202006
20200604,20200604,73,165060073,150909810,26235,N,1,435,202006
20200604,20200604,73,165060073,151501008,26200,E,1,436,202006
20200604,20200603,73,165090073,180533622,25750,O,1,437,202009
20200604,20200603,73,165090073,223247654,25800,N,1,438,202009
20200604,20200603,73,165090073,230611988,25841,N,1,439,202009
20200604,20200603,73,165090073,230726695,25846,N,1,440,202009
20200604,20200603,73,165090073,231413465,25850,N,1,441,202009
20200604,20200603,73,165090073,231413465,25899,N,1,442,202009
20200604,20200603,73,165090073,231413465,25900,N,1,443,202009
20200604,20200603,73,165090073,231413465,25920,N,1,444,202009
20200604,20200603,73,165090073,231413465,25999,N,1,445,202009
20200604,20200603,73,165090073,232818450,25998,N,1,446,202009
20200604,20200603,73,165090073,235552352,25997,N,1,447,202009
20200604,20200603,73,165090073,002314596,26000,E,2,448,202009
20200604,20200604,73,165090073,084501051,26000,O,1,449,202009
20200604,20200604,73,165090073,093443757,26078,N,1,450,202009
20200604,20200604,73,165090073,093900279,26033,N,1,451,202009
20200604,20200604,73,165090073,111559951,26000,E,1,452,202009
20200605,20200604,73,165060073,163001045,26150,O,1,1,202006
20200605,20200604,73,165060073,163004542,26127,N,1,2,202006
20200605,20200604,73,165060073,163004762,26145,N,1,3,202006
20200605,20200604,73,165060073,163037820,26140,N,1,4,202006
20200605,20200604,73,165060073,163918877,26147,N,6,5,202006
20200605,20200604,73,165060073,163937120,26147,N,4,6,202006
20200605,20200604,73,165060073,164011200,26144,N,1,7,202006
20200605,20200604,73,165060073,164954117,26145,N,17,8,202006
20200605,20200604,73,165060073,165131576,26143,N,1,9,202006
20200605,20200604,73,165060073,165346176,26152,N,1,10,202006
20200605,20200604,73,165060073,165431351,26162,N,11,11,202006
20200605,20200604,73,165060073,165431351,26163,N,21,12,202006
20200605,20200604,73,165060073,165431352,26163,N,6,13,202006
20200605,20200604,73,165060073,165431474,26163,N,5,14,202006
20200605,20200604,73,165060073,170043113,26180,N,11,15,202006
20200605,20200604,73,165060073,170043114,26181,N,5,16,202006
20200605,20200604,73,165060073,170553516,26153,N,4,17,202006
20200605,20200604,73,165060073,170812159,26165,N,3,18,202006
20200605,20200604,73,165060073,170906659,26175,N,2,19,202006
20200605,20200604,73,165060073,170950372,26191,N,11,20,202006
20200605,20200604,73,165060073,170950373,26191,N,6,21,202006
20200605,20200604,73,165060073,170950492,26191,N,2,22,202006
20200605,20200604,73,165060073,170950492,26192,N,5,23,202006
20200605,20200604,73,165060073,170950511,26191,N,5,24,202006
20200605,20200604,73,165060073,170950614,26191,N,2,25,202006
20200605,20200604,73,165060073,170950615,26191,N,5,26,202006
20200605,20200604,73,165060073,170950653,26191,N,2,27,202006
20200605,20200604,73,165060073,170950737,26192,N,4,28,202006
20200605,20200604,73,165060073,170950742,26191,N,5,29,202006
20200605,20200604,73,165060073,170951712,26191,N,2,30,202006
20200605,20200604,73,165060073,170951714,26191,N,5,31,202006
20200605,20200604,73,165060073,170951800,26191,N,2,32,202006
20200605,20200604,73,165060073,170951842,26191,N,5,33,202006
20200605,20200604,73,165060073,170951966,26191,N,5,34,202006
20200605,20200604,73,165060073,170952104,26191,N,5,35,202006
20200605,20200604,73,165060073,170952228,26191,N,5,36,202006
20200605,20200604,73,165060073,170952351,26191,N,5,37,202006
20200605,20200604,73,165060073,170952475,26191,N,5,38,202006
20200605,20200604,73,165060073,170952599,26191,N,5,39,202006
20200605,20200604,73,165060073,171009514,26191,N,6,40,202006
20200605,20200604,73,165060073,171009635,26191,N,5,41,202006
20200605,20200604,73,165060073,171009901,26191,N,4,42,202006
20200605,20200604,73,165060073,171105775,26193,N,1,43,202006
20200605,20200604,73,165060073,171249705,26195,N,1,44,202006
20200605,20200604,73,165060073,172916176,26175,N,5,45,202006
20200605,20200604,73,165060073,173254985,26170,N,3,46,202006
20200605,20200604,73,165060073,173923014,26159,N,1,47,202006
20200605,20200604,73,165060073,174447231,26154,N,1,48,202006
20200605,20200604,73,165060073,175109309,26152,N,1,49,202006
20200605,20200604,73,165060073,175801671,26145,N,5,50,202006
20200605,20200604,73,165060073,175841375,26142,N,11,51,202006
20200605,20200604,73,165060073,175841375,26141,N,1,52,202006
20200605,20200604,73,165060073,175842777,26142,N,10,53,202006
20200605,20200604,73,165060073,175902405,26141,N,1,54,202006
20200605,20200604,73,165060073,175949345,26140,N,1,55,202006
20200605,20200604,73,165060073,175949371,26140,N,1,56,202006
20200605,20200604,73,165060073,175949404,26140,N,1,57,202006
20200605,20200604,73,165060073,175949415,26140,N,1,58,202006
20200605,20200604,73,165060073,180443150,26129,N,1,59,202006
20200605,20200604,73,165060073,180615417,26130,N,11,60,202006
20200605,20200604,73,165060073,180644057,26130,N,5,61,202006
20200605,20200604,73,165060073,182009194,26130,N,1,62,202006
20200605,20200604,73,165060073,182357927,26105,N,1,63,202006
20200605,20200604,73,165060073,182521846,26107,N,20,64,202006
20200605,20200604,73,165060073,182535223,26105,N,4,65,202006
20200605,20200604,73,165060073,183025749,26083,N,1,66,202006
20200605,20200604,73,165060073,183412610,26080,N,5,67,202006
20200605,20200604,73,165060073,183437706,26083,N,10,68,202006
20200605,20200604,73,165060073,183438878,26083,N,10,69,202006
20200605,20200604,73,165060073,183456537,26083,N,1,70,202006
20200605,20200604,73,165060073,183456551,26083,N,6,71,202006
20200605,20200604,73,165060073,183456569,26083,N,1,72,202006
20200605,20200604,73,165060073,183456673,26083,N,5,73,202006
20200605,20200604,73,165060073,183503214,26083,N,2,74,202006
20200605,20200604,73,165060073,183532430,26082,N,9,75,202006
20200605,20200604,73,165060073,183532430,26083,N,11,76,202006
20200605,20200604,73,165060073,183532492,26083,N,4,77,202006
20200605,20200604,73,165060073,183659382,26098,N,1,78,202006
20200605,20200604,73,165060073,183714096,26094,N,1,79,202006
20200605,20200604,73,165060073,183730884,26092,N,1,80,202006
20200605,20200604,73,165060073,183734822,26092,N,1,81,202006
20200605,20200604,73,165060073,184335036,26077,N,1,82,202006
20200605,20200604,73,165060073,185031933,26075,N,10,83,202006
20200605,20200604,73,165060073,185351434,26073,N,1,84,202006
20200605,20200604,73,165060073,185455072,26072,N,1,85,202006
20200605,20200604,73,165060073,185625347,26068,N,1,86,202006
20200605,20200604,73,165060073,190003682,26071,N,1,87,202006
20200605,20200604,73,165060073,191330655,26074,N,1,88,202006
20200605,20200604,73,165060073,191752372,26091,N,1,89,202006
20200605,20200604,73,165060073,192404674,26086,N,9,90,202006
20200605,20200604,73,165060073,193008144,26100,N,1,91,202006
20200605,20200604,73,165060073,193250963,26105,N,19,92,202006
20200605,20200604,73,165060073,193557606,26100,N,1,93,202006
20200605,20200604,73,165060073,193606670,26100,N,1,94,202006
20200605,20200604,73,165060073,195001124,26077,N,11,95,202006
20200605,20200604,73,165060073,195001124,26076,N,4,96,202006
20200605,20200604,73,165060073,195915705,26092,N,1,97,202006
20200605,20200604,73,165060073,195955977,26097,N,1,98,202006
20200605,20200604,73,165060073,201617121,26123,N,3,99,202006
20200605,20200604,73,165060073,201618113,26123,N,1,100,202006
20200605,20200604,73,165060073,201846617,26122,N,1,101,202006
20200605,20200604,73,165060073,202000039,26128,N,1,102,202006
20200605,20200604,73,165060073,203151910,26136,N,5,103,202006
20200605,20200604,73,165060073,203151910,26137,N,11,104,202006
20200605,20200604,73,165060073,203151910,26138,N,9,105,202006
20200605,20200604,73,165060073,203435305,26129,N,5,106,202006
20200605,20200604,73,165060073,203435428,26130,N,10,107,202006
20200605,20200604,73,165060073,204238340,26110,N,1,108,202006
20200605,20200604,73,165060073,204510707,26117,N,5,109,202006
20200605,20200604,73,165060073,204821336,26184,N,1,110,202006
20200605,20200604,73,165060073,204838705,26180,N,1,111,202006
20200605,20200604,73,165060073,205035464,26184,N,1,112,202006
20200605,20200604,73,165060073,205331913,26210,N,1,113,202006
20200605,20200604,73,165060073,205538635,26244,N,1,114,202006
20200605,20200604,73,165060073,205835866,26219,N,1,115,202006
20200605,20200604,73,165060073,205900265,26222,N,1,116,202006
20200605,20200604,73,165060073,210128316,26226,N,2,117,202006
20200605,20200604,73,165060073,210416985,26200,N,1,118,202006
20200605,20200604,73,165060073,211057460,26200,N,1,119,202006
20200605,20200604,73,165060073,213111492,26162,N,2,120,202006
20200605,20200604,73,165060073,213254689,26139,N,4,121,202006
20200605,20200604,73,165060073,213254693,26139,N,4,122,202006
20200605,20200604,73,165060073,213254912,26138,N,6,123,202006
20200605,20200604,73,165060073,213314255,26130,N,1,124,202006
20200605,20200604,73,165060073,213358884,26105,N,5,125,202006
20200605,20200604,73,165060073,213430110,26103,N,1,126,202006
20200605,20200604,73,165060073,213433547,26112,N,2,127,202006
20200605,20200604,73,165060073,213442097,26107,N,1,128,202006
20200605,20200604,73,165060073,213458540,26102,N,2,129,202006
20200605,20200604,73,165060073,213458542,26102,N,5,130,202006
20200605,20200604,73,165060073,213858074,26125,N,1,131,202006
20200605,20200604,73,165060073,214132137,26099,N,10,132,202006
20200605,20200604,73,165060073,214132137,26098,N,15,133,202006
20200605,20200604,73,165060073,214132137,26097,N,6,134,202006
20200605,20200604,73,165060073,214132193,26090,N,5,135,202006
20200605,20200604,73,165060073,214132518,26095,N,11,136,202006
20200605,20200604,73,165060073,214250443,26065,N,5,137,202006
20200605,20200604,73,165060073,214343722,26059,N,4,138,202006
20200605,20200604,73,165060073,214411693,26067,N,1,139,202006
20200605,20200604,73,165060073,214612739,26088,N,4,140,202006
20200605,20200604,73,165060073,214624803,26089,N,1,141,202006
20200605,20200604,73,165060073,221133569,26148,N,2,142,202006
20200605,20200604,73,165060073,221146406,26150,N,1,143,202006
20200605,20200604,73,165060073,221319385,26152,N,2,144,202006
20200605,20200604,73,165060073,221341518,26161,N,1,145,202006
20200605,20200604,73,165060073,221517270,26161,N,3,146,202006
20200605,20200604,73,165060073,221616411,26171,N,5,147,202006
20200605,20200604,73,165060073,221616516,26171,N,1,148,202006
20200605,20200604,73,165060073,221625100,26172,N,10,149,202006
20200605,20200604,73,165060073,221732300,26170,N,10,150,202006
20200605,20200604,73,165060073,222603247,26173,N,2,151,202006
20200605,20200604,73,165060073,222939454,26153,N,5,152,202006
20200605,20200604,73,165060073,223000228,26154,N,5,153,202006
20200605,20200604,73,165060073,223001088,26150,N,1,154,202006
20200605,20200604,73,165060073,223001160,26150,N,4,155,202006
20200605,20200604,73,165060073,223007457,26160,N,5,156,202006
20200605,20200604,73,165060073,223007458,26160,N,6,157,202006
20200605,20200604,73,165060073,223007478,26160,N,5,158,202006
20200605,20200604,73,165060073,223007653,26160,N,5,159,202006
20200605,20200604,73,165060073,223007668,26160,N,5,160,202006
20200605,20200604,73,165060073,223007676,26160,N,5,161,202006
20200605,20200604,73,165060073,223007689,26160,N,3,162,202006
20200605,20200604,73,165060073,223007780,26160,N,11,163,202006
20200605,20200604,73,165060073,223007799,26160,N,5,164,202006
20200605,20200604,73,165060073,223007923,26160,N,5,165,202006
20200605,20200604,73,165060073,223451160,26174,N,1,166,202006
20200605,20200604,73,165060073,223832511,26192,N,1,167,202006
20200605,20200604,73,165060073,224226861,26159,N,1,168,202006
20200605,20200604,73,165060073,225230938,26200,N,4,169,202006
20200605,20200604,73,165060073,225231241,26200,N,4,170,202006
