Trade_Date,Make_Date,Index_Type,Security_Code,Time,Trade_Price,Price_Type,Trade_Volume,No,Contract_Month
20200501,20200430,73,165060073,163505579,24561,O,3,1,202006
20200501,20200430,73,165060073,163828077,24531,N,1,2,202006
20200501,20200430,73,165060073,164027313,24526,N,2,3,202006
20200501,20200430,73,165060073,164431563,24560,N,2,4,202006
20200501,20200430,73,165060073,164556371,24564,N,1,5,202006
20200501,20200430,73,165060073,164943152,24564,N,1,6,202006
20200501,20200430,73,165060073,165059612,24560,N,2,7,202006
20200501,20200430,73,165060073,165156987,24556,N,2,8,202006
20200501,20200430,73,165060073,165203358,24550,N,1,9,202006
20200501,20200430,73,165060073,165814289,24530,N,3,10,202006
20200501,20200430,73,165060073,170021029,24530,N,2,11,202006
20200501,20200430,73,165060073,172949094,24542,N,1,12,202006
20200501,20200430,73,165060073,173100048,24569,N,1,13,202006
20200501,20200430,73,165060073,173137584,24574,N,1,14,202006
20200501,20200430,73,165060073,173813197,24577,N,1,15,202006
20200501,20200430,73,165060073,174120531,24577,N,1,16,202006
20200501,20200430,73,165060073,174151466,24577,N,2,17,202006
20200501,20200430,73,165060073,175227024,24577,N,1,18,202006
20200501,20200430,73,165060073,180232148,24545,N,1,19,202006
20200501,20200430,73,165060073,183404769,24586,N,1,20,202006
20200501,20200430,73,165060073,184035850,24594,N,2,21,202006
20200501,20200430,73,165060073,184734546,24587,N,6,22,202006
20200501,20200430,73,165060073,184746226,24587,N,6,23,202006
20200501,20200430,73,165060073,184749444,24587,N,6,24,202006
20200501,20200430,73,165060073,184903481,24587,N,6,25,202006
20200501,20200430,73,165060073,184918699,24587,N,6,26,202006
20200501,20200430,73,165060073,184924593,24587,N,5,27,202006
20200501,20200430,73,165060073,184924691,24587,N,5,28,202006
20200501,20200430,73,165060073,184924711,24587,N,1,29,202006
20200501,20200430,73,165060073,184927223,24587,N,6,30,202006
20200501,20200430,73,165060073,184936146,24587,N,3,31,202006
20200501,20200430,73,165060073,185007792,24574,N,1,32,202006
20200501,20200430,73,165060073,190014392,24594,N,1,33,202006
20200501,20200430,73,165060073,191338542,24595,N,5,34,202006
20200501,20200430,73,165060073,194340422,24547,N,1,35,202006
20200501,20200430,73,165060073,194851210,24530,N,1,36,202006
20200501,20200430,73,165060073,195227651,24498,N,2,37,202006
20200501,20200430,73,165060073,195231124,24490,N,1,38,202006
20200501,20200430,73,165060073,195318769,24470,N,1,39,202006
20200501,20200430,73,165060073,195425890,24477,N,6,40,202006
20200501,20200430,73,165060073,201152801,24420,N,3,41,202006
20200501,20200430,73,165060073,201420969,24420,N,1,42,202006
20200501,20200430,73,165060073,204313945,24472,N,1,43,202006
20200501,20200430,73,165060073,204637740,24460,N,2,44,202006
20200501,20200430,73,165060073,204804139,24406,N,1,45,202006
20200501,20200430,73,165060073,204810274,24400,N,1,46,202006
20200501,20200430,73,165060073,205524224,24364,N,2,47,202006
20200501,20200430,73,165060073,205524224,24360,N,5,48,202006
20200501,20200430,73,165060073,205600530,24358,N,5,49,202006
20200501,20200430,73,165060073,211638084,24360,N,1,50,202006
20200501,20200430,73,165060073,211652436,24360,N,1,51,202006
20200501,20200430,73,165060073,212250839,24350,N,1,52,202006
20200501,20200430,73,165060073,212447054,24359,N,1,53,202006
20200501,20200430,73,165060073,213003995,24360,N,2,54,202006
20200501,20200430,73,165060073,213248291,24376,N,11,55,202006
20200501,20200430,73,165060073,213248291,24377,N,11,56,202006
20200501,20200430,73,165060073,213248291,24380,N,1,57,202006
20200501,20200430,73,165060073,213333189,24386,N,6,58,202006
20200501,20200430,73,165060073,213442819,24369,N,6,59,202006
20200501,20200430,73,165060073,213606917,24370,N,6,60,202006
20200501,20200430,73,165060073,213821085,24353,N,1,61,202006
20200501,20200430,73,165060073,213928680,24312,N,1,62,202006
20200501,20200430,73,165060073,214442137,24306,N,1,63,202006
20200501,20200430,73,165060073,215055941,24279,N,1,64,202006
20200501,20200430,73,165060073,215251714,24261,N,1,65,202006
20200501,20200430,73,165060073,215312456,24258,N,6,66,202006
20200501,20200430,73,165060073,215408621,24268,N,2,67,202006
20200501,20200430,73,165060073,215516491,24270,N,1,68,202006
20200501,20200430,73,165060073,215520334,24271,N,1,69,202006
20200501,20200430,73,165060073,215912134,24244,N,1,70,202006
20200501,20200430,73,165060073,220107476,24207,N,1,71,202006
20200501,20200430,73,165060073,220353144,24223,N,2,72,202006
20200501,20200430,73,165060073,220521445,24206,N,1,73,202006
20200501,20200430,73,165060073,220527782,24200,N,1,74,202006
20200501,20200430,73,165060073,220527782,24202,N,4,75,202006
20200501,20200430,73,165060073,220914527,24180,N,1,76,202006
20200501,20200430,73,165060073,221021481,24189,N,10,77,202006
20200501,20200430,73,165060073,221602264,24214,N,1,78,202006
20200501,20200430,73,165060073,221602264,24214,N,6,79,202006
20200501,20200430,73,165060073,221607670,24214,N,1,80,202006
20200501,20200430,73,165060073,221607766,24214,N,1,81,202006
20200501,20200430,73,165060073,221607766,24217,N,4,82,202006
20200501,20200430,73,165060073,221607909,24214,N,1,83,202006
20200501,20200430,73,165060073,221608029,24214,N,1,84,202006
20200501,20200430,73,165060073,221608086,24214,N,1,85,202006
20200501,20200430,73,165060073,221608105,24214,N,1,86,202006
20200501,20200430,73,165060073,221608105,24217,N,4,87,202006
20200501,20200430,73,165060073,221608488,24214,N,1,88,202006
20200501,20200430,73,165060073,221608515,24214,N,1,89,202006
20200501,20200430,73,165060073,221608648,24214,N,1,90,202006
20200501,20200430,73,165060073,221608729,24214,N,1,91,202006
20200501,20200430,73,165060073,221608729,24216,N,4,92,202006
20200501,20200430,73,165060073,221608752,24214,N,1,93,202006
20200501,20200430,73,165060073,221608941,24214,N,1,94,202006
20200501,20200430,73,165060073,221608989,24214,N,1,95,202006
20200501,20200430,73,165060073,221609030,24214,N,1,96,202006
20200501,20200430,73,165060073,221609030,24216,N,4,97,202006
20200501,20200430,73,165060073,221609059,24214,N,1,98,202006
20200501,20200430,73,165060073,221609129,24214,N,1,99,202006
20200501,20200430,73,165060073,221609189,24214,N,1,100,202006
20200501,20200430,73,165060073,221609194,24214,N,1,101,202006
20200501,20200430,73,165060073,221609194,24218,N,4,102,202006
20200501,20200430,73,165060073,221609209,24214,N,1,103,202006
20200501,20200430,73,165060073,221609249,24214,N,1,104,202006
20200501,20200430,73,165060073,221611093,24214,N,3,105,202006
20200501,20200430,73,165060073,221612444,24214,N,20,106,202006
20200501,20200430,73,165060073,221617580,24210,N,6,107,202006
20200501,20200430,73,165060073,221642368,24214,N,1,108,202006
20200501,20200430,73,165060073,221653607,24217,N,1,109,202006
20200501,20200430,73,165060073,221653608,24221,N,4,110,202006
20200501,20200430,73,165060073,221653644,24215,N,1,111,202006
20200501,20200430,73,165060073,221653680,24215,N,1,112,202006
20200501,20200430,73,165060073,221653761,24215,N,1,113,202006
20200501,20200430,73,165060073,221653813,24215,N,1,114,202006
20200501,20200430,73,165060073,221653813,24222,N,4,115,202006
20200501,20200430,73,165060073,221653827,24215,N,1,116,202006
20200501,20200430,73,165060073,221654013,24215,N,1,117,202006
20200501,20200430,73,165060073,221654100,24215,N,1,118,202006
20200501,20200430,73,165060073,221654699,24215,N,1,119,202006
20200501,20200430,73,165060073,221654699,24222,N,4,120,202006
20200501,20200430,73,165060073,221704244,24216,N,1,121,202006
20200501,20200430,73,165060073,221705868,24219,N,1,122,202006
20200501,20200430,73,165060073,221707399,24223,N,1,123,202006
20200501,20200430,73,165060073,221710586,24224,N,1,124,202006
20200501,20200430,73,165060073,221710587,24230,N,4,125,202006
20200501,20200430,73,165060073,221735568,24223,N,1,126,202006
20200501,20200430,73,165060073,221833625,24214,N,1,127,202006
20200501,20200430,73,165060073,221846042,24209,N,1,128,202006
20200501,20200430,73,165060073,221903380,24211,N,1,129,202006
20200501,20200430,73,165060073,221903380,24218,N,4,130,202006
20200501,20200430,73,165060073,221903825,24211,N,1,131,202006
20200501,20200430,73,165060073,221949117,24225,N,1,132,202006
20200501,20200430,73,165060073,221959143,24217,N,1,133,202006
20200501,20200430,73,165060073,221959194,24217,N,1,134,202006
20200501,20200430,73,165060073,221959194,24224,N,4,135,202006
20200501,20200430,73,165060073,222006939,24222,N,1,136,202006
20200501,20200430,73,165060073,222006954,24222,N,1,137,202006
20200501,20200430,73,165060073,222012901,24219,N,1,138,202006
20200501,20200430,73,165060073,222017029,24223,N,1,139,202006
20200501,20200430,73,165060073,222017029,24230,N,4,140,202006
20200501,20200430,73,165060073,222023674,24226,N,1,141,202006
20200501,20200430,73,165060073,222032162,24231,N,1,142,202006
20200501,20200430,73,165060073,222048978,24217,N,1,143,202006
20200501,20200430,73,165060073,222110854,24220,N,1,144,202006
20200501,20200430,73,165060073,222110854,24228,N,4,145,202006
20200501,20200430,73,165060073,222111903,24221,N,1,146,202006
20200501,20200430,73,165060073,222111910,24221,N,1,147,202006
20200501,20200430,73,165060073,222111947,24221,N,1,148,202006
20200501,20200430,73,165060073,222112269,24221,N,1,149,202006
20200501,20200430,73,165060073,222112270,24228,N,4,150,202006
20200501,20200430,73,165060073,222113599,24220,N,1,151,202006
20200501,20200430,73,165060073,222115919,24216,N,1,152,202006
20200501,20200430,73,165060073,222115929,24216,N,1,153,202006
20200501,20200430,73,165060073,222115950,24216,N,1,154,202006
20200501,20200430,73,165060073,222115950,24224,N,4,155,202006
20200501,20200430,73,165060073,222212860,24235,N,1,156,202006
20200501,20200430,73,165060073,222229085,24233,N,1,157,202006
20200501,20200430,73,165060073,222237365,24250,N,1,158,202006
20200501,20200430,73,165060073,222255118,24260,N,1,159,202006
20200501,20200430,73,165060073,222255142,24260,N,1,160,202006
20200501,20200430,73,165060073,222255142,24267,N,4,161,202006
20200501,20200430,73,165060073,222259203,24264,N,1,162,202006
20200501,20200430,73,165060073,222346182,24269,N,1,163,202006
20200501,20200430,73,165060073,222407661,24268,N,1,164,202006
20200501,20200430,73,165060073,222407686,24268,N,1,165,202006
20200501,20200430,73,165060073,222407686,24270,N,1,166,202006
20200501,20200430,73,165060073,222407686,24275,N,3,167,202006
20200501,20200430,73,165060073,222409597,24268,N,1,168,202006
20200501,20200430,73,165060073,222411258,24271,N,1,169,202006
20200501,20200430,73,165060073,222423944,24257,N,1,170,202006
20200501,20200430,73,165060073,222431344,24256,N,1,171,202006
20200501,20200430,73,165060073,222431386,24256,N,1,172,202006
20200501,20200430,73,165060073,222431386,24263,N,4,173,202006
20200501,20200430,73,165060073,222434524,24256,N,1,174,202006
20200501,20200430,73,165060073,222505085,24260,N,1,175,202006
20200501,20200430,73,165060073,222527925,24275,N,1,176,202006
20200501,20200430,73,165060073,222528168,24274,N,1,177,202006
20200501,20200430,73,165060073,222528168,24281,N,4,178,202006
20200501,20200430,73,165060073,222531092,24272,N,1,179,202006
20200501,20200430,73,165060073,222534770,24276,N,1,180,202006
20200501,20200430,73,165060073,222534823,24276,N,1,181,202006
20200501,20200430,73,165060073,222534857,24276,N,1,182,202006
20200501,20200430,73,165060073,222534857,24281,N,1,183,202006
20200501,20200430,73,165060073,222534857,24283,N,3,184,202006
20200501,20200430,73,165060073,222534877,24276,N,1,185,202006
20200501,20200430,73,165060073,222534917,24276,N,1,186,202006
20200501,20200430,73,165060073,222535950,24279,N,1,187,202006
20200501,20200430,73,165060073,222538296,24272,N,1,188,202006
20200501,20200430,73,165060073,222543435,24270,N,1,189,202006
20200501,20200430,73,165060073,222543435,24277,N,4,190,202006
20200501,20200430,73,165060073,222623042,24260,N,1,191,202006
20200501,20200430,73,165060073,222705074,24260,N,1,192,202006
20200501,20200430,73,165060073,222706760,24260,N,1,193,202006
20200501,20200430,73,165060073,222808062,24257,N,1,194,202006
20200501,20200430,73,165060073,222808062,24264,N,4,195,202006
20200501,20200430,73,165060073,222808078,24257,N,1,196,202006
20200501,20200430,73,165060073,222817946,24256,N,1,197,202006
20200501,20200430,73,165060073,222818056,24256,N,1,198,202006
20200501,20200430,73,165060073,222905021,24253,N,1,199,202006
20200501,20200430,73,165060073,222905021,24260,N,4,200,202006
20200501,20200430,73,165060073,222905451,24252,N,1,201,202006
20200501,20200430,73,165060073,222905868,24252,N,1,202,202006
20200501,20200430,73,165060073,222909115,24248,N,1,203,202006
20200501,20200430,73,165060073,222918957,24244,N,1,204,202006
20200501,20200430,73,165060073,222918958,24251,N,4,205,202006
20200501,20200430,73,165060073,222919032,24244,N,1,206,202006
20200501,20200430,73,165060073,222919071,24244,N,1,207,202006
20200501,20200430,73,165060073,222919116,24244,N,1,208,202006
20200501,20200430,73,165060073,222922136,24243,N,1,209,202006
20200501,20200430,73,165060073,222922136,24250,N,4,210,202006
20200501,20200430,73,165060073,223000045,24253,N,1,211,202006
20200501,20200430,73,165060073,223000480,24249,N,1,212,202006
20200501,20200430,73,165060073,223000837,24246,N,5,213,202006
20200501,20200430,73,165060073,223056129,24226,N,1,214,202006
20200501,20200430,73,165060073,223142692,24197,N,1,215,202006
20200501,20200430,73,165060073,223142969,24190,N,1,216,202006
20200501,20200430,73,165060073,223209321,24174,N,1,217,202006
20200501,20200430,73,165060073,223209321,24180,N,4,218,202006
20200501,20200430,73,165060073,223209509,24174,N,1,219,202006
20200501,20200430,73,165060073,223210865,24174,N,1,220,202006
20200501,20200430,73,165060073,223211321,24174,N,1,221,202006
20200501,20200430,73,165060073,223211382,24174,N,1,222,202006
20200501,20200430,73,165060073,223211382,24180,N,4,223,202006
20200501,20200430,73,165060073,223211389,24174,N,1,224,202006
20200501,20200430,73,165060073,223211437,24174,N,1,225,202006
20200501,20200430,73,165060073,223211468,24174,N,1,226,202006
20200501,20200430,73,165060073,223211499,24174,N,1,227,202006
20200501,20200430,73,165060073,223211500,24178,N,4,228,202006
20200501,20200430,73,165060073,223211978,24174,N,1,229,202006
20200501,20200430,73,165060073,223212024,24174,N,1,230,202006
20200501,20200430,73,165060073,223212228,24174,N,1,231,202006
20200501,20200430,73,165060073,223214475,24170,N,1,232,202006
20200501,20200430,73,165060073,223214475,24177,N,4,233,202006
20200501,20200430,73,165060073,223214598,24170,N,1,234,202006
20200501,20200430,73,165060073,223214626,24169,N,1,235,202006
20200501,20200430,73,165060073,223214653,24169,N,1,236,202006
20200501,20200430,73,165060073,223216212,24164,N,1,237,202006
20200501,20200430,73,165060073,223216212,24172,N,1,238,202006
20200501,20200430,73,165060073,223216212,24173,N,3,239,202006
20200501,20200430,73,165060073,223216372,24164,N,1,240,202006
20200501,20200430,73,165060073,223216475,24164,N,1,241,202006
20200501,20200430,73,165060073,223219580,24172,N,1,242,202006
20200501,20200430,73,165060073,223227201,24172,N,1,243,202006
20200501,20200430,73,165060073,223227201,24178,N,4,244,202006
20200501,20200430,73,165060073,223227324,24172,N,1,245,202006
20200501,20200430,73,165060073,223228033,24171,N,1,246,202006
20200501,20200430,73,165060073,223228059,24171,N,1,247,202006
20200501,20200430,73,165060073,223244901,24170,N,1,248,202006
20200501,20200430,73,165060073,223244902,24177,N,4,249,202006
20200501,20200430,73,165060073,223245220,24172,N,1,250,202006
20200501,20200430,73,165060073,223245309,24171,N,1,251,202006
20200501,20200430,73,165060073,223245352,24171,N,1,252,202006
20200501,20200430,73,165060073,223300128,24184,N,1,253,202006
20200501,20200430,73,165060073,223300128,24191,N,1,254,202006
20200501,20200430,73,165060073,223310381,24182,N,5,255,202006
20200501,20200430,73,165060073,223342936,24173,N,3,256,202006
20200501,20200430,73,165060073,223353241,24184,N,1,257,202006
20200501,20200430,73,165060073,223524096,24150,N,4,258,202006
20200501,20200430,73,165060073,223529179,24133,N,2,259,202006
20200501,20200430,73,165060073,223605632,24143,N,1,260,202006
20200501,20200430,73,165060073,223719745,24143,N,10,261,202006
20200501,20200430,73,165060073,223753996,24131,N,1,262,202006
20200501,20200430,73,165060073,223800532,24115,N,1,263,202006
20200501,20200430,73,165060073,223831022,24132,N,1,264,202006
20200501,20200430,73,165060073,224048537,24145,N,1,265,202006
20200501,20200430,73,165060073,224052184,24144,N,5,266,202006
20200501,20200430,73,165060073,224157697,24158,N,2,267,202006
20200501,20200430,73,165060073,224303936,24174,N,1,268,202006
20200501,20200430,73,165060073,224303936,24177,N,1,269,202006
20200501,20200430,73,165060073,225213727,24189,N,1,270,202006
20200501,20200430,73,165060073,225936121,24245,N,1,271,202006
20200501,20200430,73,165060073,230047163,24290,N,1,272,202006
20200501,20200430,73,165060073,230354864,24283,N,1,273,202006
20200501,20200430,73,165060073,231021959,24280,N,1,274,202006
20200501,20200430,73,165060073,231841605,24255,N,2,275,202006
20200501,20200430,73,165060073,232424246,24217,N,1,276,202006
20200501,20200430,73,165060073,232424848,24218,N,1,277,202006
20200501,20200430,73,165060073,232735475,24250,N,1,278,202006
20200501,20200430,73,165060073,232855771,24282,N,1,279,202006
20200501,20200430,73,165060073,232909352,24294,N,1,280,202006
20200501,20200430,73,165060073,233003702,24320,N,1,281,202006
20200501,20200430,73,165060073,233003704,24320,N,1,282,202006
20200501,20200430,73,165060073,233214586,24335,N,1,283,202006
20200501,20200430,73,165060073,233313633,24342,N,1,284,202006
20200501,20200430,73,165060073,233329799,24335,N,1,285,202006
20200501,20200430,73,165060073,233340375,24327,N,1,286,202006
20200501,20200430,73,165060073,233559991,24346,N,5,287,202006
20200501,20200430,73,165060073,234931175,24252,N,1,288,202006
20200501,20200430,73,165060073,235522442,24244,N,1,289,202006
20200501,20200430,73,165060073,235915687,24244,N,1,290,202006
20200501,20200430,73,165060073,000824812,24275,N,1,291,202006
20200501,20200430,73,165060073,001621491,24257,N,1,292,202006
20200501,20200430,73,165060073,002237489,24252,N,1,293,202006
20200501,20200430,73,165060073,002936686,24205,N,1,294,202006
20200501,20200430,73,165060073,002944365,24217,N,1,295,202006
20200501,20200430,73,165060073,003650140,24205,N,1,296,202006
20200501,20200430,73,165060073,005442057,24145,N,1,297,202006
20200501,20200430,73,165060073,005633753,24145,N,1,298,202006
20200501,20200430,73,165060073,005812719,24136,N,1,299,202006
20200501,20200430,73,165060073,010009820,24116,N,1,300,202006
20200501,20200430,73,165060073,011057069,24115,N,1,301,202006
20200501,20200430,73,165060073,011101636,24116,N,2,302,202006
20200501,20200430,73,165060073,011929560,24100,N,1,303,202006
20200501,20200430,73,165060073,012507104,24075,N,1,304,202006
20200501,20200430,73,165060073,012916629,24063,N,1,305,202006
20200501,20200430,73,165060073,013036031,24051,N,1,306,202006
20200501,20200430,73,165060073,013449232,24051,N,2,307,202006
20200501,20200430,73,165060073,013607040,24061,N,8,308,202006
20200501,20200430,73,165060073,014158356,24106,N,1,309,202006
20200501,20200430,73,165060073,014527148,24095,N,6,310,202006
20200501,20200430,73,165060073,015026526,24123,N,2,311,202006
20200501,20200430,73,165060073,015135095,24123,N,2,312,202006
20200501,20200430,73,165060073,015752259,24154,N,1,313,202006
20200501,20200430,73,165060073,015804501,24147,N,1,314,202006
20200501,20200430,73,165060073,015914780,24150,N,1,315,202006
20200501,20200430,73,165060073,020000403,24126,N,1,316,202006
20200501,20200430,73,165060073,020355023,24110,N,1,317,202006
20200501,20200430,73,165060073,020442746,24100,N,1,318,202006
20200501,20200430,73,165060073,021003011,24122,N,1,319,202006
20200501,20200430,73,165060073,021317424,24156,N,4,320,202006
20200501,20200430,73,165060073,022804845,24150,N,1,321,202006
20200501,20200430,73,165060073,030930888,24134,N,1,322,202006
20200501,20200430,73,165060073,032323671,24148,N,1,323,202006
20200501,20200430,73,165060073,033212545,24165,N,3,324,202006
20200501,20200430,73,165060073,035112451,24141,N,1,325,202006
20200501,20200430,73,165060073,040031899,24115,N,2,326,202006
20200501,20200430,73,165060073,041530485,24200,N,1,327,202006
20200501,20200430,73,165060073,042409679,24230,N,1,328,202006
20200501,20200430,73,165060073,042534872,24223,N,2,329,202006
20200501,20200430,73,165060073,043540529,24200,N,2,330,202006
20200501,20200430,73,165060073,044509248,24175,N,2,331,202006
20200501,20200430,73,165060073,050511154,24142,E,6,332,202006
20200501,20200501,73,165060073,084501051,23982,O,1,333,202006
20200501,20200501,73,165060073,084502987,23970,N,1,334,202006
20200501,20200501,73,165060073,084502987,23950,N,1,335,202006
20200501,20200501,73,165060073,084849232,23994,N,1,336,202006
20200501,20200501,73,165060073,085006286,23970,N,1,337,202006
20200501,20200501,73,165060073,085111487,23953,N,2,338,202006
20200501,20200501,73,165060073,085231534,23942,N,1,339,202006
20200501,20200501,73,165060073,085330187,23943,N,1,340,202006
20200501,20200501,73,165060073,085759426,23974,N,1,341,202006
20200501,20200501,73,165060073,085805602,23980,N,1,342,202006
20200501,20200501,73,165060073,085847302,23998,N,4,343,202006
20200501,20200501,73,165060073,085946599,23996,N,1,344,202006
20200501,20200501,73,165060073,090034981,24022,N,1,345,202006
20200501,20200501,73,165060073,090155661,24004,N,1,346,202006
20200501,20200501,73,165060073,090155661,24006,N,1,347,202006
20200501,20200501,73,165060073,090223620,23991,N,1,348,202006
20200501,20200501,73,165060073,090749429,23992,N,1,349,202006
20200501,20200501,73,165060073,091458495,23965,N,2,350,202006
20200501,20200501,73,165060073,091930793,23960,N,1,351,202006
20200501,20200501,73,165060073,091950360,23957,N,2,352,202006
20200501,20200501,73,165060073,092107211,23951,N,1,353,202006
20200501,20200501,73,165060073,092107211,23946,N,2,354,202006
20200501,20200501,73,165060073,092442249,23970,N,1,355,202006
20200501,20200501,73,165060073,092636503,23990,N,1,356,202006
20200501,20200501,73,165060073,092704005,23987,N,1,357,202006
20200501,20200501,73,165060073,092711806,23981,N,1,358,202006
20200501,20200501,73,165060073,092822785,23972,N,1,359,202006
20200501,20200501,73,165060073,092854767,23966,N,1,360,202006
20200501,20200501,73,165060073,092957568,23960,N,1,361,202006
20200501,20200501,73,165060073,093209396,23951,N,1,362,202006
20200501,20200501,73,165060073,093402227,23966,N,1,363,202006
20200501,20200501,73,165060073,094057807,23969,N,1,364,202006
20200501,20200501,73,165060073,095748885,24011,N,1,365,202006
20200501,20200501,73,165060073,095820058,24011,N,1,366,202006
20200501,20200501,73,165060073,100123463,24013,N,1,367,202006
20200501,20200501,73,165060073,100647000,24030,N,2,368,202006
20200501,20200501,73,165060073,100841397,24022,N,2,369,202006
20200501,20200501,73,165060073,100958750,24023,N,1,370,202006
20200501,20200501,73,165060073,101838216,24009,N,1,371,202006
20200501,20200501,73,165060073,102316196,24007,N,1,372,202006
20200501,20200501,73,165060073,102851576,24000,N,1,373,202006
20200501,20200501,73,165060073,102908857,23990,N,1,374,202006
20200501,20200501,73,165060073,104629221,23956,N,1,375,202006
20200501,20200501,73,165060073,104953623,23950,N,1,376,202006
20200501,20200501,73,165060073,105701879,23954,N,5,377,202006
20200501,20200501,73,165060073,111347612,23924,N,1,378,202006
20200501,20200501,73,165060073,111749734,23915,N,2,379,202006
20200501,20200501,73,165060073,111749734,23917,N,1,380,202006
20200501,20200501,73,165060073,112737019,23900,N,2,381,202006
20200501,20200501,73,165060073,112737273,23882,N,1,382,202006
20200501,20200501,73,165060073,112738089,23891,N,1,383,202006
20200501,20200501,73,165060073,112738126,23891,N,2,384,202006
20200501,20200501,73,165060073,112958922,23908,N,1,385,202006
20200501,20200501,73,165060073,113741369,23912,N,10,386,202006
20200501,20200501,73,165060073,114407346,23882,N,1,387,202006
20200501,20200501,73,165060073,115644147,23896,N,1,388,202006
20200501,20200501,73,165060073,120143774,23901,N,2,389,202006
20200501,20200501,73,165060073,120542814,23864,N,2,390,202006
20200501,20200501,73,165060073,120543075,23858,N,1,391,202006
20200501,20200501,73,165060073,120638973,23852,N,1,392,202006
20200501,20200501,73,165060073,121033101,23880,N,3,393,202006
20200501,20200501,73,165060073,121518910,23860,N,1,394,202006
20200501,20200501,73,165060073,121854884,23889,N,1,395,202006
20200501,20200501,73,165060073,122027793,23883,N,2,396,202006
20200501,20200501,73,165060073,123003175,23913,N,1,397,202006
20200501,20200501,73,165060073,123031109,23908,N,2,398,202006
20200501,20200501,73,165060073,123727556,23912,N,1,399,202006
20200501,20200501,73,165060073,124354338,23900,N,1,400,202006
20200501,20200501,73,165060073,130755070,23913,N,2,401,202006
20200501,20200501,73,165060073,131559669,23892,N,1,402,202006
20200501,20200501,73,165060073,131704140,23907,N,1,403,202006
20200501,20200501,73,165060073,135313536,23905,N,1,404,202006
20200501,20200501,73,165060073,140921251,23897,N,2,405,202006
20200501,20200501,73,165060073,142657707,23917,N,1,406,202006
20200501,20200501,73,165060073,142924080,23920,N,1,407,202006
20200501,20200501,73,165060073,143925870,23860,N,1,408,202006
20200501,20200501,73,165060073,144210456,23851,N,1,409,202006
20200501,20200501,73,165060073,144210802,23851,N,4,410,202006
20200501,20200501,73,165060073,144324866,23846,N,1,411,202006
20200501,20200501,73,165060073,144534219,23843,N,1,412,202006
20200501,20200501,73,165060073,144803598,23847,N,2,413,202006
20200501,20200501,73,165060073,144939207,23852,N,2,414,202006
20200501,20200501,73,165060073,145225919,23860,N,1,415,202006
20200501,20200501,73,165060073,145956595,23880,N,11,416,202006
20200501,20200501,73,165060073,150016313,23870,N,2,417,202006
20200501,20200501,73,165060073,150022974,23864,N,5,418,202006
20200501,20200501,73,165060073,150046311,23868,N,5,419,202006
20200501,20200501,73,165060073,150127987,23869,N,10,420,202006
20200501,20200501,73,165060073,150242934,23860,N,1,421,202006
20200501,20200501,73,165060073,150448365,23850,N,3,422,202006
20200501,20200501,73,165060073,150511074,23836,N,1,423,202006
20200501,20200501,73,165060073,150535393,23830,N,2,424,202006
20200501,20200501,73,165060073,150539384,23815,N,1,425,202006
20200501,20200501,73,165060073,150539384,23810,N,1,426,202006
20200501,20200501,73,165060073,150539457,23800,N,1,427,202006
20200501,20200501,73,165060073,150812509,23820,N,1,428,202006
20200501,20200501,73,165060073,150824749,23812,N,1,429,202006
20200501,20200501,73,165060073,150843667,23820,N,1,430,202006
20200501,20200501,73,165060073,150914399,23820,N,8,431,202006
20200501,20200501,73,165060073,150914399,23823,N,1,432,202006
20200501,20200501,73,165060073,150929369,23834,N,1,433,202006
20200501,20200501,73,165060073,151501008,23870,E,1,434,202006
20200501,20200501,73,165090073,092730006,23528,O,1,435,202009
20200507,20200501,73,165060073,163001046,23715,O,1,1,202006
20200507,20200501,73,165060073,163021633,23707,N,2,2,202006
20200507,20200501,73,165060073,163330223,23690,N,1,3,202006
20200507,20200501,73,165060073,163502311,23670,N,1,4,202006
20200507,20200501,73,165060073,163507122,23671,N,10,5,202006
20200507,20200501,73,165060073,163558334,23661,N,1,6,202006
20200507,20200501,73,165060073,164204714,23682,N,1,7,202006
20200507,20200501,73,165060073,164313656,23678,N,1,8,202006
20200507,20200501,73,165060073,164705383,23699,N,1,9,202006
20200507,20200501,73,165060073,164955812,23693,N,2,10,202006
20200507,20200501,73,165060073,165000646,23696,N,1,11,202006
20200507,20200501,73,165060073,165212365,23700,N,1,12,202006
20200507,20200501,73,165060073,165653477,23706,N,1,13,202006
20200507,20200501,73,165060073,165657568,23706,N,3,14,202006
20200507,20200501,73,165060073,170244008,23730,N,1,15,202006
20200507,20200501,73,165060073,170428845,23720,N,1,16,202006
20200507,20200501,73,165060073,171008158,23720,N,6,17,202006
20200507,20200501,73,165060073,171345828,23720,N,2,18,202006
20200507,20200501,73,165060073,171805309,23741,N,1,19,202006
20200507,20200501,73,165060073,171945813,23752,N,1,20,202006
20200507,20200501,73,165060073,172203992,23757,N,2,21,202006
20200507,20200501,73,165060073,172229940,23757,N,1,22,202006
20200507,20200501,73,165060073,172238532,23751,N,1,23,202006
20200507,20200501,73,165060073,172816716,23760,N,2,24,202006
20200507,20200501,73,165060073,175011384,23760,N,10,25,202006
20200507,20200501,73,165060073,175207501,23784,N,1,26,202006
20200507,20200501,73,165060073,185659768,23740,N,1,27,202006
20200507,20200501,73,165060073,190601612,23758,N,1,28,202006
20200507,20200501,73,165060073,191733292,23780,N,1,29,202006
20200507,20200501,73,165060073,191949211,23793,N,2,30,202006
20200507,20200501,73,165060073,193801512,23777,N,1,31,202006
20200507,20200501,73,165060073,194659132,23778,N,2,32,202006
20200507,20200501,73,165060073,200428244,23759,N,1,33,202006
20200507,20200501,73,165060073,203540817,23708,N,1,34,202006
20200507,20200501,73,165060073,204120759,23722,N,1,35,202006
20200507,20200501,73,165060073,204951724,23761,N,2,36,202006
20200507,20200501,73,165060073,210026819,23740,N,1,37,202006
20200507,20200501,73,165060073,210026819,23734,N,1,38,202006
20200507,20200501,73,165060073,210336602,23711,N,1,39,202006
20200507,20200501,73,165060073,211730408,23739,N,1,40,202006
20200507,20200501,73,165060073,212048227,23729,N,1,41,202006
20200507,20200501,73,165060073,213058849,23761,N,2,42,202006
20200507,20200501,73,165060073,215111684,23716,N,4,43,202006
20200507,20200501,73,165060073,220406319,23750,N,1,44,202006
20200507,20200501,73,165060073,220406322,23756,N,1,45,202006
20200507,20200501,73,165060073,221001657,23760,N,2,46,202006
20200507,20200501,73,165060073,221311864,23783,N,1,47,202006
20200507,20200501,73,165060073,221607613,23785,N,1,48,202006
20200507,20200501,73,165060073,221845467,23802,N,1,49,202006
20200507,20200501,73,165060073,222210647,23826,N,1,50,202006
20200507,20200501,73,165060073,222425401,23803,N,1,51,202006
20200507,20200501,73,165060073,223252849,23821,N,1,52,202006
20200507,20200501,73,165060073,223434368,23876,N,1,53,202006
20200507,20200501,73,165060073,223457403,23854,N,1,54,202006
20200507,20200501,73,165060073,223537162,23819,N,2,55,202006
20200507,20200501,73,165060073,223537162,23818,N,2,56,202006
20200507,20200501,73,165060073,223537162,23817,N,2,57,202006
20200507,20200501,73,165060073,223537170,23804,N,5,58,202006
20200507,20200501,73,165060073,223547747,23801,N,4,59,202006
20200507,20200501,73,165060073,223547747,23802,N,4,60,202006
20200507,20200501,73,165060073,223623990,23810,N,1,61,202006
20200507,20200501,73,165060073,223849106,23755,N,1,62,202006
20200507,20200501,73,165060073,223849769,23753,N,1,63,202006
20200507,20200501,73,165060073,223911035,23755,N,1,64,202006
20200507,20200501,73,165060073,224038243,23741,N,4,65,202006
20200507,20200501,73,165060073,225306356,23743,N,1,66,202006
20200507,20200501,73,165060073,225320341,23720,N,1,67,202006
20200507,20200501,73,165060073,225330593,23725,N,1,68,202006
20200507,20200501,73,165060073,225335158,23720,N,4,69,202006
20200507,20200501,73,165060073,225343297,23715,N,3,70,202006
20200507,20200501,73,165060073,225343297,23711,N,3,71,202006
20200507,20200501,73,165060073,225352265,23712,N,3,72,202006
20200507,20200501,73,165060073,225645199,23737,N,1,73,202006
20200507,20200501,73,165060073,225727271,23740,N,2,74,202006
20200507,20200501,73,165060073,225745368,23744,N,2,75,202006
20200507,20200501,73,165060073,225939395,23759,N,1,76,202006
20200507,20200501,73,165060073,225943100,23756,N,1,77,202006
20200507,20200501,73,165060073,230153531,23819,N,5,78,202006
20200507,20200501,73,165060073,230153532,23820,N,1,79,202006
20200507,20200501,73,165060073,230508672,23783,N,1,80,202006
20200507,20200501,73,165060073,230609872,23800,N,4,81,202006
20200507,20200501,73,165060073,230609985,23800,N,1,82,202006
20200507,20200501,73,165060073,231950570,23718,N,1,83,202006
20200507,20200501,73,165060073,232019265,23700,N,2,84,202006
20200507,20200501,73,165060073,232114320,23723,N,1,85,202006
20200507,20200501,73,165060073,232225669,23709,N,1,86,202006
20200507,20200501,73,165060073,232805860,23748,N,1,87,202006
20200507,20200501,73,165060073,232946430,23759,N,5,88,202006
20200507,20200501,73,165060073,232953088,23769,N,1,89,202006
20200507,20200501,73,165060073,233135452,23743,N,1,90,202006
20200507,20200501,73,165060073,233139713,23740,N,1,91,202006
20200507,20200501,73,165060073,233156657,23740,N,4,92,202006
20200507,20200501,73,165060073,233214837,23740,N,1,93,202006
20200507,20200501,73,165060073,233753782,23802,N,1,94,202006
20200507,20200501,73,165060073,233906339,23793,N,1,95,202006
20200507,20200501,73,165060073,234141909,23815,N,1,96,202006
20200507,20200501,73,165060073,234603087,23807,N,3,97,202006
20200507,20200501,73,165060073,234807338,23802,N,1,98,202006
20200507,20200501,73,165060073,235134086,23813,N,1,99,202006
20200507,20200501,73,165060073,000206964,23778,N,1,100,202006
20200507,20200501,73,165060073,001431786,23773,N,1,101,202006
20200507,20200501,73,165060073,002606049,23722,N,1,102,202006
20200507,20200501,73,165060073,002958075,23700,N,2,103,202006
20200507,20200501,73,165060073,003348307,23684,N,1,104,202006
20200507,20200501,73,165060073,003454074,23680,N,2,105,202006
20200507,20200501,73,165060073,004013120,23713,N,2,106,202006
20200507,20200501,73,165060073,004341330,23711,N,1,107,202006
20200507,20200501,73,165060073,004402868,23700,N,1,108,202006
20200507,20200501,73,165060073,004533481,23665,N,2,109,202006
20200507,20200501,73,165060073,004651932,23650,N,1,110,202006
20200507,20200501,73,165060073,004751463,23645,N,1,111,202006
20200507,20200501,73,165060073,004805307,23646,N,1,112,202006
20200507,20200501,73,165060073,005006136,23625,N,2,113,202006
20200507,20200501,73,165060073,005327079,23600,N,1,114,202006
20200507,20200501,73,165060073,005728772,23599,N,8,115,202006
20200507,20200501,73,165060073,010041976,23600,N,1,116,202006
20200507,20200501,73,165060073,010142259,23596,N,1,117,202006
20200507,20200501,73,165060073,010643273,23620,N,1,118,202006
20200507,20200501,73,165060073,010904678,23600,N,7,119,202006
20200507,20200501,73,165060073,011229363,23636,N,1,120,202006
20200507,20200501,73,165060073,011414856,23647,N,1,121,202006
20200507,20200501,73,165060073,011911262,23643,N,1,122,202006
20200507,20200501,73,165060073,012120069,23640,N,3,123,202006
20200507,20200501,73,165060073,012227606,23635,N,1,124,202006
20200507,20200501,73,165060073,013009097,23600,N,1,125,202006
20200507,20200501,73,165060073,013042547,23606,N,2,126,202006
20200507,20200501,73,165060073,013524273,23636,N,1,127,202006
20200507,20200501,73,165060073,013952267,23606,N,1,128,202006
20200507,20200501,73,165060073,014051394,23587,N,1,129,202006
20200507,20200501,73,165060073,014204378,23564,N,1,130,202006
20200507,20200501,73,165060073,014206760,23564,N,1,131,202006
20200507,20200501,73,165060073,014924774,23590,N,1,132,202006
20200507,20200501,73,165060073,020524169,23636,N,1,133,202006
20200507,20200501,73,165060073,023255941,23619,N,1,134,202006
20200507,20200501,73,165060073,024136212,23580,N,1,135,202006
20200507,20200501,73,165060073,024835042,23562,N,1,136,202006
20200507,20200501,73,165060073,030146344,23545,N,1,137,202006
20200507,20200501,73,165060073,030218413,23556,N,10,138,202006
20200507,20200501,73,165060073,030410064,23584,N,10,139,202006
20200507,20200501,73,165060073,030733823,23584,N,8,140,202006
20200507,20200501,73,165060073,031224848,23556,N,2,141,202006
20200507,20200501,73,165060073,032500457,23626,N,1,142,202006
20200507,20200501,73,165060073,032653696,23630,N,1,143,202006
20200507,20200501,73,165060073,035253123,23580,N,3,144,202006
20200507,20200501,73,165060073,035521972,23601,N,1,145,202006
20200507,20200501,73,165060073,035535633,23597,N,3,146,202006
20200507,20200501,73,165060073,040713235,23597,N,1,147,202006
20200507,20200501,73,165060073,041243771,23636,N,2,148,202006
20200507,20200501,73,165060073,041347503,23641,N,1,149,202006
20200507,20200501,73,165060073,041559581,23643,N,1,150,202006
20200507,20200501,73,165060073,041620075,23646,N,2,151,202006
20200507,20200501,73,165060073,042001723,23647,N,1,152,202006
20200507,20200501,73,165060073,042344727,23646,N,1,153,202006
20200507,20200501,73,165060073,042707736,23618,N,1,154,202006
20200507,20200501,73,165060073,043306546,23590,N,1,155,202006
20200507,20200501,73,165060073,043511109,23570,N,1,156,202006
20200507,20200501,73,165060073,043740928,23570,N,1,157,202006
20200507,20200501,73,165060073,044701078,23550,N,2,158,202006
20200507,20200501,73,165060073,045124124,23520,N,1,159,202006
20200507,20200501,73,165060073,050034722,23580,N,2,160,202006
20200507,20200501,73,165060073,050831869,23585,N,7,161,202006
20200507,20200501,73,165060073,053001019,23611,E,1,162,202006
20200507,20200507,73,165060073,084501051,23489,O,15,163,202006
20200507,20200507,73,165060073,084854176,23475,N,1,164,202006
20200507,20200507,73,165060073,084918579,23475,N,1,165,202006
20200507,20200507,73,165060073,085117127,23471,N,1,166,202006
20200507,20200507,73,165060073,085455670,23470,N,1,167,202006
20200507,20200507,73,165060073,085612784,23459,N,1,168,202006
20200507,20200507,73,165060073,085614270,23451,N,6,169,202006
20200507,20200507,73,165060073,085633520,23451,N,1,170,202006
20200507,20200507,73,165060073,085633521,23451,N,1,171,202006
20200507,20200507,73,165060073,085736765,23459,N,1,172,202006
20200507,20200507,73,165060073,085836835,23460,N,1,173,202006
20200507,20200507,73,165060073,085905860,23468,N,5,174,202006
20200507,20200507,73,165060073,085915237,23469,N,1,175,202006
20200507,20200507,73,165060073,090000335,23476,N,5,176,202006
20200507,20200507,73,165060073,090145737,23504,N,1,177,202006
20200507,20200507,73,165060073,090206377,23502,N,4,178,202006
20200507,20200507,73,165060073,090241408,23492,N,1,179,202006
20200507,20200507,73,165060073,090337544,23492,N,1,180,202006
20200507,20200507,73,165060073,090357021,23489,N,1,181,202006
20200507,20200507,73,165060073,090629683,23507,N,4,182,202006
20200507,20200507,73,165060073,090724447,23507,N,1,183,202006
20200507,20200507,73,165060073,091100603,23500,N,1,184,202006
20200507,20200507,73,165060073,091314898,23513,N,1,185,202006
20200507,20200507,73,165060073,091429419,23527,N,1,186,202006
20200507,20200507,73,165060073,091432797,23527,N,6,187,202006
20200507,20200507,73,165060073,091502422,23529,N,1,188,202006
20200507,20200507,73,165060073,091505095,23527,N,3,189,202006
20200507,20200507,73,165060073,091814678,23549,N,1,190,202006
20200507,20200507,73,165060073,091939690,23544,N,10,191,202006
20200507,20200507,73,165060073,092517320,23519,N,1,192,202006
20200507,20200507,73,165060073,094033524,23544,N,1,193,202006
20200507,20200507,73,165060073,095838600,23526,N,1,194,202006
20200507,20200507,73,165060073,095955882,23534,N,1,195,202006
20200507,20200507,73,165060073,100032008,23552,N,11,196,202006
20200507,20200507,73,165060073,100125680,23548,N,5,197,202006
20200507,20200507,73,165060073,100144570,23546,N,5,198,202006
20200507,20200507,73,165060073,100243773,23543,N,1,199,202006
20200507,20200507,73,165060073,100341590,23533,N,1,200,202006
20200507,20200507,73,165060073,100350491,23532,N,1,201,202006
20200507,20200507,73,165060073,100440193,23529,N,1,202,202006
20200507,20200507,73,165060073,100546338,23519,N,1,203,202006
20200507,20200507,73,165060073,100546338,23515,N,2,204,202006
20200507,20200507,73,165060073,100658278,23525,N,1,205,202006
20200507,20200507,73,165060073,100806482,23527,N,10,206,202006
20200507,20200507,73,165060073,100914140,23531,N,6,207,202006
20200507,20200507,73,165060073,101944706,23560,N,1,208,202006
20200507,20200507,73,165060073,102341795,23560,N,1,209,202006
20200507,20200507,73,165060073,105703386,23528,N,1,210,202006
20200507,20200507,73,165060073,105934219,23525,N,1,211,202006
20200507,20200507,73,165060073,111721003,23517,N,3,212,202006
20200507,20200507,73,165060073,111734233,23508,N,2,213,202006
20200507,20200507,73,165060073,114547867,23560,N,1,214,202006
20200507,20200507,73,165060073,115522385,23549,N,1,215,202006
20200507,20200507,73,165060073,120359386,23599,N,10,216,202006
20200507,20200507,73,165060073,120359387,23600,N,11,217,202006
20200507,20200507,73,165060073,121116427,23605,N,1,218,202006
20200507,20200507,73,165060073,121119305,23605,N,1,219,202006
20200507,20200507,73,165060073,121120750,23605,N,1,220,202006
20200507,20200507,73,165060073,121122537,23605,N,1,221,202006
20200507,20200507,73,165060073,121123523,23606,N,1,222,202006
20200507,20200507,73,165060073,121125495,23606,N,1,223,202006
20200507,20200507,73,165060073,121144759,23602,N,1,224,202006
20200507,20200507,73,165060073,122452691,23600,N,2,225,202006
20200507,20200507,73,165060073,123328500,23595,N,1,226,202006
20200507,20200507,73,165060073,123337481,23593,N,1,227,202006
20200507,20200507,73,165060073,124325883,23592,N,8,228,202006
20200507,20200507,73,165060073,125107595,23591,N,1,229,202006
20200507,20200507,73,165060073,131541321,23615,N,1,230,202006
20200507,20200507,73,165060073,131625570,23608,N,5,231,202006
20200507,20200507,73,165060073,131844715,23632,N,1,232,202006
20200507,20200507,73,165060073,131844718,23632,N,1,233,202006
20200507,20200507,73,165060073,132305404,23638,N,6,234,202006
20200507,20200507,73,165060073,132730159,23642,N,3,235,202006
20200507,20200507,73,165060073,132755933,23641,N,1,236,202006
20200507,20200507,73,165060073,134002137,23630,N,1,237,202006
20200507,20200507,73,165060073,134002137,23634,N,1,238,202006
20200507,20200507,73,165060073,134821750,23638,N,1,239,202006
20200507,20200507,73,165060073,140407940,23624,N,2,240,202006
20200507,20200507,73,165060073,140556770,23623,N,1,241,202006
20200507,20200507,73,165060073,140918840,23601,N,1,242,202006
20200507,20200507,73,165060073,141058286,23601,N,1,243,202006
20200507,20200507,73,165060073,141451171,23600,N,1,244,202006
20200507,20200507,73,165060073,143808052,23609,N,1,245,202006
20200507,20200507,73,165060073,144433329,23602,N,1,246,202006
20200507,20200507,73,165060073,145047698,23601,N,2,247,202006
20200507,20200507,73,165060073,145450784,23595,N,2,248,202006
20200507,20200507,73,165060073,145724497,23600,N,1,249,202006
20200507,20200507,73,165060073,150019531,23600,N,5,250,202006
20200507,20200507,73,165060073,150019531,23600,N,1,251,202006
20200507,20200507,73,165060073,150024082,23600,N,5,252,202006
20200507,20200507,73,165060073,150037013,23617,N,5,253,202006
20200507,20200507,73,165060073,150929171,23657,N,1,254,202006
20200507,20200507,73,165060073,151501008,23626,E,4,255,202006
20200507,20200501,73,165090073,002701695,23600,O,1,256,202009
20200507,20200507,73,165090073,131445298,23528,O,1,257,202009
20200508,20200507,73,165060073,163001046,23725,O,1,1,202006
20200508,20200507,73,165060073,163448393,23749,N,1,2,202006
20200508,20200507,73,165060073,164719661,23750,N,1,3,202006
20200508,20200507,73,165060073,165527195,23740,N,1,4,202006
20200508,20200507,73,165060073,165538883,23737,N,1,5,202006
20200508,20200507,73,165060073,165642058,23729,N,5,6,202006
20200508,20200507,73,165060073,165710228,23728,N,2,7,202006
20200508,20200507,73,165060073,165904218,23730,N,1,8,202006
20200508,20200507,73,165060073,170020400,23722,N,1,9,202006
20200508,20200507,73,165060073,170232198,23711,N,1,10,202006
20200508,20200507,73,165060073,171510237,23733,N,5,11,202006
20200508,20200507,73,165060073,171515822,23727,N,1,12,202006
20200508,20200507,73,165060073,171654984,23733,N,1,13,202006
20200508,20200507,73,165060073,172203311,23730,N,2,14,202006
20200508,20200507,73,165060073,172639085,23717,N,1,15,202006
20200508,20200507,73,165060073,172942841,23734,N,1,16,202006
20200508,20200507,73,165060073,180143646,23751,N,1,17,202006
20200508,20200507,73,165060073,180330162,23751,N,6,18,202006
20200508,20200507,73,165060073,180513407,23744,N,1,19,202006
20200508,20200507,73,165060073,181211468,23753,N,1,20,202006
20200508,20200507,73,165060073,181428302,23760,N,1,21,202006
20200508,20200507,73,165060073,181534703,23758,N,1,22,202006
20200508,20200507,73,165060073,181819671,23757,N,1,23,202006
20200508,20200507,73,165060073,181915987,23755,N,1,24,202006
20200508,20200507,73,165060073,183939411,23795,N,1,25,202006
20200508,20200507,73,165060073,184057843,23800,N,2,26,202006
20200508,20200507,73,165060073,184248052,23799,N,1,27,202006
20200508,20200507,73,165060073,184425904,23810,N,1,28,202006
20200508,20200507,73,165060073,185233063,23804,N,1,29,202006
20200508,20200507,73,165060073,185350075,23798,N,1,30,202006
20200508,20200507,73,165060073,185442395,23786,N,5,31,202006
20200508,20200507,73,165060073,185458176,23798,N,1,32,202006
20200508,20200507,73,165060073,190645455,23780,N,2,33,202006
20200508,20200507,73,165060073,190928222,23794,N,1,34,202006
20200508,20200507,73,165060073,191338321,23817,N,5,35,202006
20200508,20200507,73,165060073,191426384,23824,N,1,36,202006
20200508,20200507,73,165060073,192016574,23800,N,1,37,202006
20200508,20200507,73,165060073,192016961,23799,N,1,38,202006
20200508,20200507,73,165060073,192048102,23802,N,1,39,202006
20200508,20200507,73,165060073,194421215,23785,N,1,40,202006
20200508,20200507,73,165060073,194517611,23780,N,1,41,202006
20200508,20200507,73,165060073,194538207,23770,N,2,42,202006
20200508,20200507,73,165060073,194808345,23782,N,1,43,202006
20200508,20200507,73,165060073,195011651,23753,N,5,44,202006
20200508,20200507,73,165060073,195643503,23752,N,5,45,202006
20200508,20200507,73,165060073,200717029,23749,N,1,46,202006
20200508,20200507,73,165060073,200717516,23749,N,1,47,202006
20200508,20200507,73,165060073,200836960,23758,N,1,48,202006
20200508,20200507,73,165060073,200942263,23758,N,7,49,202006
20200508,20200507,73,165060073,201838135,23771,N,1,50,202006
20200508,20200507,73,165060073,202412516,23770,N,2,51,202006
20200508,20200507,73,165060073,202615977,23763,N,1,52,202006
20200508,20200507,73,165060073,204451664,23806,N,1,53,202006
20200508,20200507,73,165060073,204525917,23813,N,5,54,202006
20200508,20200507,73,165060073,205711392,23841,N,1,55,202006
20200508,20200507,73,165060073,205730667,23840,N,5,56,202006
20200508,20200507,73,165060073,205932786,23834,N,1,57,202006
20200508,20200507,73,165060073,210206709,23832,N,2,58,202006
20200508,20200507,73,165060073,210349030,23814,N,1,59,202006
20200508,20200507,73,165060073,210452497,23817,N,1,60,202006
20200508,20200507,73,165060073,210834045,23807,N,1,61,202006
20200508,20200507,73,165060073,210956522,23801,N,1,62,202006
20200508,20200507,73,165060073,213008419,23806,N,1,63,202006
20200508,20200507,73,165060073,213232719,23800,N,1,64,202006
20200508,20200507,73,165060073,215515388,23811,N,1,65,202006
20200508,20200507,73,165060073,222118470,23799,N,1,66,202006
20200508,20200507,73,165060073,222347276,23788,N,1,67,202006
20200508,20200507,73,165060073,222557865,23788,N,1,68,202006
20200508,20200507,73,165060073,223231549,23791,N,1,69,202006
20200508,20200507,73,165060073,223354470,23818,N,1,70,202006
20200508,20200507,73,165060073,223801505,23810,N,1,71,202006
20200508,20200507,73,165060073,223807599,23820,N,1,72,202006
20200508,20200507,73,165060073,224134564,23828,N,4,73,202006
20200508,20200507,73,165060073,225432925,23870,N,1,74,202006
20200508,20200507,73,165060073,225532524,23890,N,1,75,202006
20200508,20200507,73,165060073,225652322,23892,N,1,76,202006
20200508,20200507,73,165060073,225741382,23892,N,1,77,202006
20200508,20200507,73,165060073,225924103,23869,N,1,78,202006
20200508,20200507,73,165060073,225937027,23865,N,1,79,202006
20200508,20200507,73,165060073,230611769,23830,N,1,80,202006
20200508,20200507,73,165060073,230847122,23826,N,2,81,202006
20200508,20200507,73,165060073,231228852,23775,N,1,82,202006
20200508,20200507,73,165060073,231705458,23790,N,9,83,202006
20200508,20200507,73,165060073,232030837,23814,N,1,84,202006
20200508,20200507,73,165060073,232437249,23830,N,1,85,202006
20200508,20200507,73,165060073,232644837,23829,N,8,86,202006
20200508,20200507,73,165060073,232844152,23830,N,1,87,202006
20200508,20200507,73,165060073,232901501,23840,N,1,88,202006
20200508,20200507,73,165060073,233102501,23839,N,1,89,202006
20200508,20200507,73,165060073,001243581,23841,N,2,90,202006
20200508,20200507,73,165060073,002907899,23864,N,1,91,202006
20200508,20200507,73,165060073,002942387,23863,N,1,92,202006
20200508,20200507,73,165060073,003122558,23870,N,1,93,202006
20200508,20200507,73,165060073,003851913,23877,N,1,94,202006
20200508,20200507,73,165060073,004309038,23900,N,2,95,202006
20200508,20200507,73,165060073,004309040,23915,N,2,96,202006
20200508,20200507,73,165060073,004419570,23924,N,2,97,202006
20200508,20200507,73,165060073,004518001,23937,N,2,98,202006
20200508,20200507,73,165060073,004526132,23945,N,1,99,202006
20200508,20200507,73,165060073,004532841,23950,N,3,100,202006
20200508,20200507,73,165060073,004550218,23954,N,1,101,202006
20200508,20200507,73,165060073,004613589,23956,N,1,102,202006
20200508,20200507,73,165060073,004724870,23943,N,1,103,202006
20200508,20200507,73,165060073,004841764,23942,N,1,104,202006
20200508,20200507,73,165060073,004843203,23936,N,1,105,202006
20200508,20200507,73,165060073,004939641,23927,N,1,106,202006
20200508,20200507,73,165060073,005301619,23930,N,1,107,202006
20200508,20200507,73,165060073,005408456,23930,N,7,108,202006
20200508,20200507,73,165060073,005541770,23925,N,1,109,202006
20200508,20200507,73,165060073,005542292,23925,N,1,110,202006
20200508,20200507,73,165060073,005603634,23931,N,1,111,202006
20200508,20200507,73,165060073,005646654,23935,N,1,112,202006
20200508,20200507,73,165060073,010316745,23936,N,1,113,202006
20200508,20200507,73,165060073,010402481,23934,N,3,114,202006
20200508,20200507,73,165060073,010421045,23930,N,1,115,202006
20200508,20200507,73,165060073,010627628,23925,N,1,116,202006
20200508,20200507,73,165060073,010627628,23920,N,3,117,202006
20200508,20200507,73,165060073,012107208,23957,N,1,118,202006
20200508,20200507,73,165060073,013350386,23924,N,3,119,202006
20200508,20200507,73,165060073,013802923,23906,N,2,120,202006
20200508,20200507,73,165060073,014807724,23872,N,19,121,202006
20200508,20200507,73,165060073,015124474,23874,N,1,122,202006
20200508,20200507,73,165060073,023929352,23893,N,10,123,202006
20200508,20200507,73,165060073,030534586,23850,N,1,124,202006
20200508,20200507,73,165060073,031717895,23856,N,1,125,202006
20200508,20200507,73,165060073,031717912,23856,N,1,126,202006
20200508,20200507,73,165060073,031819884,23853,N,2,127,202006
20200508,20200507,73,165060073,032220407,23828,N,2,128,202006
20200508,20200507,73,165060073,032658958,23798,N,1,129,202006
20200508,20200507,73,165060073,032658962,23798,N,1,130,202006
20200508,20200507,73,165060073,034234757,23794,N,1,131,202006
20200508,20200507,73,165060073,035636008,23775,N,1,132,202006
20200508,20200507,73,165060073,041044612,23797,N,5,133,202006
20200508,20200507,73,165060073,041237441,23786,N,1,134,202006
20200508,20200507,73,165060073,041259470,23792,N,1,135,202006
20200508,20200507,73,165060073,041516379,23763,N,1,136,202006
20200508,20200507,73,165060073,041604522,23730,N,1,137,202006
20200508,20200507,73,165060073,041820039,23718,N,1,138,202006
20200508,20200507,73,165060073,043244471,23729,N,1,139,202006
20200508,20200507,73,165060073,045327330,23720,N,3,140,202006
20200508,20200507,73,165060073,045939480,23739,N,1,141,202006
20200508,20200507,73,165060073,050520338,23774,N,1,142,202006
20200508,20200507,73,165060073,051450061,23810,N,4,143,202006
20200508,20200507,73,165060073,051450062,23809,N,4,144,202006
20200508,20200507,73,165060073,053001020,23809,E,1,145,202006
20200508,20200508,73,165060073,084501051,23832,O,1,146,202006
20200508,20200508,73,165060073,085010767,23841,N,5,147,202006
20200508,20200508,73,165060073,090047121,23948,N,4,148,202006
20200508,20200508,73,165060073,090315522,23955,N,1,149,202006
20200508,20200508,73,165060073,090818277,23929,N,1,150,202006
20200508,20200508,73,165060073,091141216,23919,N,1,151,202006
20200508,20200508,73,165060073,091141309,23913,N,1,152,202006
20200508,20200508,73,165060073,092737112,23938,N,1,153,202006
20200508,20200508,73,165060073,092813504,23932,N,1,154,202006
20200508,20200508,73,165060073,093616371,23943,N,1,155,202006
20200508,20200508,73,165060073,093749465,24000,N,5,156,202006
20200508,20200508,73,165060073,093749656,24000,N,5,157,202006
20200508,20200508,73,165060073,094421693,23991,N,1,158,202006
20200508,20200508,73,165060073,095222468,24017,N,2,159,202006
20200508,20200508,73,165060073,100157155,24020,N,5,160,202006
20200508,20200508,73,165060073,101416230,24020,N,1,161,202006
20200508,20200508,73,165060073,101608448,24020,N,1,162,202006
20200508,20200508,73,165060073,101820555,24005,N,3,163,202006
20200508,20200508,73,165060073,103022984,24025,N,2,164,202006
20200508,20200508,73,165060073,103043312,24025,N,1,165,202006
20200508,20200508,73,165060073,103703965,24017,N,1,166,202006
20200508,20200508,73,165060073,103835724,24011,N,6,167,202006
20200508,20200508,73,165060073,103903650,24003,N,10,168,202006
20200508,20200508,73,165060073,103903650,24002,N,31,169,202006
20200508,20200508,73,165060073,103903768,24002,N,9,170,202006
20200508,20200508,73,165060073,103932776,24005,N,1,171,202006
20200508,20200508,73,165060073,105745818,24022,N,1,172,202006
20200508,20200508,73,165060073,105805744,24026,N,10,173,202006
20200508,20200508,73,165060073,110002258,24018,N,4,174,202006
20200508,20200508,73,165060073,110810024,24027,N,1,175,202006
20200508,20200508,73,165060073,111654747,24045,N,3,176,202006
20200508,20200508,73,165060073,111654747,24042,N,5,177,202006
20200508,20200508,73,165060073,111655001,24045,N,3,178,202006
20200508,20200508,73,165060073,111655106,24045,N,3,179,202006
20200508,20200508,73,165060073,112222262,24045,N,16,180,202006
20200508,20200508,73,165060073,112222269,24045,N,10,181,202006
20200508,20200508,73,165060073,112222271,24045,N,6,182,202006
20200508,20200508,73,165060073,112222317,24045,N,1,183,202006
20200508,20200508,73,165060073,112222392,24045,N,9,184,202006
20200508,20200508,73,165060073,112222546,24045,N,1,185,202006
20200508,20200508,73,165060073,112222546,24050,N,1,186,202006
20200508,20200508,73,165060073,112222546,24053,N,3,187,202006
20200508,20200508,73,165060073,112634099,24054,N,1,188,202006
20200508,20200508,73,165060073,113755581,24080,N,1,189,202006
20200508,20200508,73,165060073,114158119,24080,N,5,190,202006
20200508,20200508,73,165060073,114257315,24081,N,5,191,202006
20200508,20200508,73,165060073,114257599,24081,N,5,192,202006
20200508,20200508,73,165060073,114717565,24098,N,2,193,202006
20200508,20200508,73,165060073,114717565,24099,N,2,194,202006
20200508,20200508,73,165060073,115026481,24085,N,1,195,202006
20200508,20200508,73,165060073,120306018,24067,N,1,196,202006
20200508,20200508,73,165060073,120524065,24100,N,1,197,202006
20200508,20200508,73,165060073,121038595,24091,N,1,198,202006
20200508,20200508,73,165060073,123817685,24090,N,1,199,202006
20200508,20200508,73,165060073,123902868,24091,N,7,200,202006
20200508,20200508,73,165060073,123902910,24091,N,4,201,202006
20200508,20200508,73,165060073,123902910,24092,N,10,202,202006
20200508,20200508,73,165060073,125143189,24077,N,2,203,202006
20200508,20200508,73,165060073,125143198,24084,N,6,204,202006
20200508,20200508,73,165060073,125741103,24079,N,1,205,202006
20200508,20200508,73,165060073,131220618,24090,N,1,206,202006
20200508,20200508,73,165060073,131220621,24110,N,1,207,202006
20200508,20200508,73,165060073,132252359,24086,N,1,208,202006
20200508,20200508,73,165060073,132934795,24086,N,1,209,202006
20200508,20200508,73,165060073,134335008,24089,N,1,210,202006
20200508,20200508,73,165060073,134335008,24096,N,1,211,202006
20200508,20200508,73,165060073,135009848,24094,N,2,212,202006
20200508,20200508,73,165060073,135142924,24097,N,1,213,202006
20200508,20200508,73,165060073,140028576,24090,N,2,214,202006
20200508,20200508,73,165060073,140939544,24098,N,1,215,202006
20200508,20200508,73,165060073,141144345,24099,N,1,216,202006
20200508,20200508,73,165060073,141525796,24095,N,1,217,202006
20200508,20200508,73,165060073,142030433,24128,N,3,218,202006
20200508,20200508,73,165060073,142030440,24128,N,7,219,202006
20200508,20200508,73,165060073,143520364,24111,N,1,220,202006
20200508,20200508,73,165060073,144307225,24120,N,2,221,202006
20200508,20200508,73,165060073,145633067,24125,N,1,222,202006
20200508,20200508,73,165060073,145753038,24109,N,3,223,202006
20200508,20200508,73,165060073,150012831,24150,N,1,224,202006
20200508,20200508,73,165060073,151501009,24089,E,1,225,202006
20200511,20200508,73,165060073,163042908,24045,O,1,1,202006
20200511,20200508,73,165060073,163707984,24025,N,1,2,202006
20200511,20200508,73,165060073,164003689,24020,N,1,3,202006
20200511,20200508,73,165060073,164150018,24025,N,2,4,202006
20200511,20200508,73,165060073,164239592,24017,N,1,5,202006
20200511,20200508,73,165060073,164504163,24040,N,1,6,202006
20200511,20200508,73,165060073,164504167,24044,N,1,7,202006
20200511,20200508,73,165060073,164651457,24030,N,1,8,202006
20200511,20200508,73,165060073,165349462,24040,N,5,9,202006
20200511,20200508,73,165060073,165837672,24025,N,1,10,202006
20200511,20200508,73,165060073,171404011,24010,N,1,11,202006
20200511,20200508,73,165060073,171553027,24000,N,1,12,202006
20200511,20200508,73,165060073,172102886,23990,N,1,13,202006
20200511,20200508,73,165060073,172114638,23985,N,3,14,202006
20200511,20200508,73,165060073,172744928,23996,N,1,15,202006
20200511,20200508,73,165060073,173208670,24000,N,1,16,202006
20200511,20200508,73,165060073,173946219,24010,N,1,17,202006
20200511,20200508,73,165060073,174610861,24017,N,4,18,202006
20200511,20200508,73,165060073,174857923,24020,N,1,19,202006
20200511,20200508,73,165060073,174907644,24022,N,1,20,202006
20200511,20200508,73,165060073,175107387,24022,N,2,21,202006
20200511,20200508,73,165060073,175114955,24022,N,2,22,202006
20200511,20200508,73,165060073,175703468,24030,N,1,23,202006
20200511,20200508,73,165060073,183904291,24036,N,1,24,202006
20200511,20200508,73,165060073,185819098,24075,N,1,25,202006
20200511,20200508,73,165060073,190704242,24083,N,1,26,202006
20200511,20200508,73,165060073,191009047,24085,N,2,27,202006
20200511,20200508,73,165060073,192024441,24075,N,1,28,202006
20200511,20200508,73,165060073,192123592,24076,N,1,29,202006
20200511,20200508,73,165060073,200022248,24056,N,1,30,202006
20200511,20200508,73,165060073,200241780,24052,N,1,31,202006
20200511,20200508,73,165060073,202948911,24058,N,2,32,202006
20200511,20200508,73,165060073,205624298,24022,N,1,33,202006
20200511,20200508,73,165060073,211428220,24015,N,2,34,202006
20200511,20200508,73,165060073,212205935,24010,N,1,35,202006
20200511,20200508,73,165060073,212251552,24001,N,1,36,202006
20200511,20200508,73,165060073,212315985,23997,N,1,37,202006
20200511,20200508,73,165060073,212513865,23998,N,3,38,202006
20200511,20200508,73,165060073,213038931,24100,N,1,39,202006
20200511,20200508,73,165060073,213305208,24063,N,1,40,202006
20200511,20200508,73,165060073,213306704,24065,N,1,41,202006
20200511,20200508,73,165060073,213312240,24050,N,1,42,202006
20200511,20200508,73,165060073,213346025,24052,N,1,43,202006
20200511,20200508,73,165060073,213427650,24020,N,1,44,202006
20200511,20200508,73,165060073,213709293,24064,N,1,45,202006
20200511,20200508,73,165060073,213733070,24068,N,1,46,202006
20200511,20200508,73,165060073,214038442,24100,N,1,47,202006
20200511,20200508,73,165060073,214149657,24090,N,1,48,202006
20200511,20200508,73,165060073,214334995,24100,N,1,49,202006
20200511,20200508,73,165060073,215848866,24080,N,2,50,202006
20200511,20200508,73,165060073,215848866,24081,N,5,51,202006
20200511,20200508,73,165060073,215853901,24080,N,1,52,202006
20200511,20200508,73,165060073,220546438,24098,N,1,53,202006
20200511,20200508,73,165060073,220759234,24100,N,1,54,202006
20200511,20200508,73,165060073,221013689,24063,N,1,55,202006
20200511,20200508,73,165060073,221309541,24067,N,1,56,202006
20200511,20200508,73,165060073,223044357,24086,N,1,57,202006
20200511,20200508,73,165060073,223455807,24044,N,1,58,202006
20200511,20200508,73,165060073,223600956,24000,N,1,59,202006
20200511,20200508,73,165060073,223633734,23988,N,2,60,202006
20200511,20200508,73,165060073,224253356,24042,N,1,61,202006
20200511,20200508,73,165060073,224506441,24044,N,1,62,202006
20200511,20200508,73,165060073,224853681,24056,N,1,63,202006
20200511,20200508,73,165060073,225337574,24075,N,1,64,202006
20200511,20200508,73,165060073,230012186,24075,N,1,65,202006
20200511,20200508,73,165060073,230410888,24088,N,1,66,202006
20200511,20200508,73,165060073,230421882,24088,N,2,67,202006
20200511,20200508,73,165060073,230923543,24077,N,2,68,202006
20200511,20200508,73,165060073,231500372,24093,N,3,69,202006
20200511,20200508,73,165060073,231728381,24083,N,10,70,202006
20200511,20200508,73,165060073,231743117,24094,N,10,71,202006
20200511,20200508,73,165060073,232628111,24053,N,1,72,202006
20200511,20200508,73,165060073,233100427,24063,N,2,73,202006
20200511,20200508,73,165060073,233157218,24057,N,1,74,202006
20200511,20200508,73,165060073,233420991,24081,N,2,75,202006
20200511,20200508,73,165060073,000335573,24051,N,10,76,202006
20200511,20200508,73,165060073,000953284,24082,N,10,77,202006
20200511,20200508,73,165060073,001139039,24082,N,6,78,202006
20200511,20200508,73,165060073,001207710,24089,N,1,79,202006
20200511,20200508,73,165060073,002511624,24120,N,1,80,202006
20200511,20200508,73,165060073,003725420,24113,N,1,81,202006
20200511,20200508,73,165060073,004047482,24119,N,1,82,202006
20200511,20200508,73,165060073,004202020,24119,N,4,83,202006
20200511,20200508,73,165060073,004309830,24130,N,1,84,202006
20200511,20200508,73,165060073,004512048,24135,N,1,85,202006
20200511,20200508,73,165060073,004948592,24125,N,1,86,202006
20200511,20200508,73,165060073,005142801,24121,N,1,87,202006
20200511,20200508,73,165060073,005200361,24120,N,3,88,202006
20200511,20200508,73,165060073,010442146,24109,N,1,89,202006
20200511,20200508,73,165060073,011018169,24115,N,1,90,202006
20200511,20200508,73,165060073,012424207,24104,N,1,91,202006
20200511,20200508,73,165060073,014640690,24115,N,1,92,202006
20200511,20200508,73,165060073,014644002,24120,N,1,93,202006
20200511,20200508,73,165060073,014722877,24120,N,1,94,202006
20200511,20200508,73,165060073,024838959,24048,N,1,95,202006
20200511,20200508,73,165060073,024838962,24041,N,1,96,202006
20200511,20200508,73,165060073,032932444,24105,N,3,97,202006
20200511,20200508,73,165060073,040918185,24133,N,2,98,202006
20200511,20200508,73,165060073,040953095,24130,N,1,99,202006
20200511,20200508,73,165060073,041059902,24125,N,2,100,202006
20200511,20200508,73,165060073,041329344,24110,N,1,101,202006
20200511,20200508,73,165060073,041428424,24110,N,1,102,202006
20200511,20200508,73,165060073,042037721,24124,N,1,103,202006
20200511,20200508,73,165060073,042704094,24135,N,2,104,202006
20200511,20200508,73,165060073,043121738,24153,N,1,105,202006
20200511,20200508,73,165060073,043135862,24155,N,1,106,202006
20200511,20200508,73,165060073,043153976,24156,N,1,107,202006
20200511,20200508,73,165060073,043213698,24157,N,1,108,202006
20200511,20200508,73,165060073,043218594,24163,N,2,109,202006
20200511,20200508,73,165060073,043549591,24179,N,1,110,202006
20200511,20200508,73,165060073,044241699,24178,N,2,111,202006
20200511,20200508,73,165060073,044431795,24186,N,1,112,202006
20200511,20200508,73,165060073,044946657,24195,N,1,113,202006
20200511,20200508,73,165060073,044953610,24200,N,1,114,202006
20200511,20200508,73,165060073,045610695,24202,N,10,115,202006
20200511,20200508,73,165060073,045747620,24187,N,1,116,202006
20200511,20200508,73,165060073,045913723,24190,N,1,117,202006
20200511,20200508,73,165060073,050008291,24222,N,1,118,202006
20200511,20200508,73,165060073,050234418,24229,N,6,119,202006
20200511,20200508,73,165060073,050759885,24230,N,2,120,202006
20200511,20200508,73,165060073,050759885,24240,N,2,121,202006
20200511,20200508,73,165060073,051105143,24250,E,2,122,202006
20200511,20200511,73,165060073,084501051,24325,O,2,123,202006
20200511,20200511,73,165060073,084529793,24325,N,1,124,202006
20200511,20200511,73,165060073,084626113,24330,N,1,125,202006
20200511,20200511,73,165060073,084945873,24330,N,1,126,202006
20200511,20200511,73,165060073,084945906,24312,N,3,127,202006
20200511,20200511,73,165060073,085239213,24330,N,5,128,202006
20200511,20200511,73,165060073,085239459,24330,N,22,129,202006
20200511,20200511,73,165060073,085244696,24330,N,5,130,202006
20200511,20200511,73,165060073,085244819,24330,N,5,131,202006
20200511,20200511,73,165060073,085254999,24330,N,11,132,202006
20200511,20200511,73,165060073,085255245,24330,N,1,133,202006
20200511,20200511,73,165060073,085501692,24325,N,1,134,202006
20200511,20200511,73,165060073,085753952,24320,N,2,135,202006
20200511,20200511,73,165060073,085837912,24345,N,5,136,202006
20200511,20200511,73,165060073,090320160,24320,N,1,137,202006
20200511,20200511,73,165060073,090627808,24366,N,2,138,202006
20200511,20200511,73,165060073,090847329,24330,N,2,139,202006
20200511,20200511,73,165060073,091824968,24374,N,1,140,202006
20200511,20200511,73,165060073,092106813,24370,N,1,141,202006
20200511,20200511,73,165060073,092815960,24355,N,5,142,202006
20200511,20200511,73,165060073,092819668,24355,N,5,143,202006
20200511,20200511,73,165060073,092840589,24360,N,1,144,202006
20200511,20200511,73,165060073,092929870,24366,N,3,145,202006
20200511,20200511,73,165060073,093824041,24350,N,3,146,202006
20200511,20200511,73,165060073,094008442,24345,N,1,147,202006
20200511,20200511,73,165060073,094037086,24349,N,3,148,202006
20200511,20200511,73,165060073,094037086,24350,N,3,149,202006
20200511,20200511,73,165060073,095907764,24370,N,1,150,202006
20200511,20200511,73,165060073,100127181,24368,N,2,151,202006
20200511,20200511,73,165060073,100208510,24361,N,8,152,202006
20200511,20200511,73,165060073,100212252,24358,N,1,153,202006
20200511,20200511,73,165060073,100545358,24348,N,2,154,202006
20200511,20200511,73,165060073,101019242,24353,N,1,155,202006
20200511,20200511,73,165060073,101935982,24374,N,1,156,202006
20200511,20200511,73,165060073,102153553,24370,N,4,157,202006
20200511,20200511,73,165060073,103115802,24382,N,1,158,202006
20200511,20200511,73,165060073,103115804,24390,N,1,159,202006
20200511,20200511,73,165060073,103200190,24400,N,2,160,202006
20200511,20200511,73,165060073,103200201,24423,N,1,161,202006
20200511,20200511,73,165060073,103200201,24423,N,1,162,202006
20200511,20200511,73,165060073,103248533,24394,N,2,163,202006
20200511,20200511,73,165060073,104021163,24427,N,5,164,202006
20200511,20200511,73,165060073,104041058,24426,N,1,165,202006
20200511,20200511,73,165060073,104249378,24421,N,2,166,202006
20200511,20200511,73,165060073,104722325,24423,N,1,167,202006
20200511,20200511,73,165060073,105833446,24415,N,1,168,202006
20200511,20200511,73,165060073,111048621,24416,N,10,169,202006
20200511,20200511,73,165060073,111048621,24415,N,21,170,202006
20200511,20200511,73,165060073,111209874,24415,N,1,171,202006
20200511,20200511,73,165060073,111209884,24415,N,1,172,202006
20200511,20200511,73,165060073,111209890,24415,N,1,173,202006
20200511,20200511,73,165060073,111209891,24414,N,3,174,202006
20200511,20200511,73,165060073,111456584,24409,N,1,175,202006
20200511,20200511,73,165060073,111505639,24413,N,2,176,202006
20200511,20200511,73,165060073,112818982,24399,N,2,177,202006
20200511,20200511,73,165060073,112940407,24403,N,9,178,202006
20200511,20200511,73,165060073,113253528,24397,N,1,179,202006
20200511,20200511,73,165060073,114440524,24390,N,1,180,202006
20200511,20200511,73,165060073,114726878,24415,N,5,181,202006
20200511,20200511,73,165060073,114727002,24415,N,5,182,202006
20200511,20200511,73,165060073,115008630,24404,N,1,183,202006
20200511,20200511,73,165060073,115503704,24400,N,3,184,202006
20200511,20200511,73,165060073,120514977,24390,N,1,185,202006
20200511,20200511,73,165060073,121100493,24380,N,1,186,202006
20200511,20200511,73,165060073,125709934,24407,N,1,187,202006
20200511,20200511,73,165060073,125841221,24407,N,1,188,202006
20200511,20200511,73,165060073,125942895,24410,N,8,189,202006
20200511,20200511,73,165060073,130035517,24415,N,2,190,202006
20200511,20200511,73,165060073,130035597,24415,N,1,191,202006
20200511,20200511,73,165060073,130049467,24415,N,1,192,202006
20200511,20200511,73,165060073,130115112,24415,N,2,193,202006
20200511,20200511,73,165060073,131800190,24414,N,3,194,202006
20200511,20200511,73,165060073,132402073,24384,N,1,195,202006
20200511,20200511,73,165060073,132410519,24380,N,1,196,202006
20200511,20200511,73,165060073,134212944,24404,N,1,197,202006
20200511,20200511,73,165060073,135821416,24390,N,1,198,202006
20200511,20200511,73,165060073,140008346,24381,N,2,199,202006
20200511,20200511,73,165060073,140546718,24358,N,1,200,202006
20200511,20200511,73,165060073,141806544,24352,N,1,201,202006
20200511,20200511,73,165060073,142914015,24351,N,2,202,202006
20200511,20200511,73,165060073,143206883,24340,N,6,203,202006
20200511,20200511,73,165060073,144345844,24335,N,2,204,202006
20200511,20200511,73,165060073,145518526,24332,N,1,205,202006
20200511,20200511,73,165060073,145650190,24310,N,1,206,202006
20200511,20200511,73,165060073,145821065,24300,N,2,207,202006
20200511,20200511,73,165060073,145840897,24300,N,5,208,202006
20200511,20200511,73,165060073,150203789,24290,N,1,209,202006
20200511,20200511,73,165060073,150922969,24290,N,1,210,202006
20200511,20200511,73,165060073,150937808,24288,N,1,211,202006
20200511,20200511,73,165060073,151501008,24337,E,2,212,202006
20200512,20200511,73,165060073,163001046,24351,O,1,1,202006
20200512,20200511,73,165060073,163252861,24376,N,1,2,202006
20200512,20200511,73,165060073,163509775,24340,N,1,3,202006
20200512,20200511,73,165060073,163512097,24334,N,1,4,202006
20200512,20200511,73,165060073,164015677,24381,N,1,5,202006
20200512,20200511,73,165060073,164136127,24380,N,1,6,202006
20200512,20200511,73,165060073,164625911,24347,N,3,7,202006
20200512,20200511,73,165060073,165556631,24355,N,1,8,202006
20200512,20200511,73,165060073,170129333,24351,N,2,9,202006
20200512,20200511,73,165060073,170401420,24349,N,2,10,202006
20200512,20200511,73,165060073,171608721,24312,N,1,11,202006
20200512,20200511,73,165060073,172115294,24329,N,10,12,202006
20200512,20200511,73,165060073,172322340,24327,N,1,13,202006
20200512,20200511,73,165060073,173912735,24279,N,1,14,202006
20200512,20200511,73,165060073,173912738,24253,N,1,15,202006
20200512,20200511,73,165060073,174347780,24267,N,1,16,202006
20200512,20200511,73,165060073,174821156,24222,N,1,17,202006
20200512,20200511,73,165060073,175056721,24230,N,1,18,202006
20200512,20200511,73,165060073,175248281,24216,N,8,19,202006
20200512,20200511,73,165060073,175311368,24217,N,1,20,202006
20200512,20200511,73,165060073,175311940,24216,N,1,21,202006
20200512,20200511,73,165060073,175427710,24225,N,1,22,202006
20200512,20200511,73,165060073,175453540,24230,N,1,23,202006
20200512,20200511,73,165060073,175536615,24225,N,5,24,202006
20200512,20200511,73,165060073,175549192,24235,N,1,25,202006
20200512,20200511,73,165060073,180348892,24181,N,1,26,202006
20200512,20200511,73,165060073,180414440,24172,N,2,27,202006
20200512,20200511,73,165060073,180452696,24204,N,1,28,202006
20200512,20200511,73,165060073,180516102,24180,N,2,29,202006
20200512,20200511,73,165060073,180636681,24180,N,1,30,202006
20200512,20200511,73,165060073,180700308,24179,N,2,31,202006
20200512,20200511,73,165060073,180806431,24181,N,1,32,202006
20200512,20200511,73,165060073,181035691,24180,N,1,33,202006
20200512,20200511,73,165060073,181035705,24187,N,6,34,202006
20200512,20200511,73,165060073,181657090,24180,N,6,35,202006
20200512,20200511,73,165060073,181732246,24177,N,1,36,202006
20200512,20200511,73,165060073,182459031,24186,N,1,37,202006
20200512,20200511,73,165060073,183820859,24132,N,1,38,202006
20200512,20200511,73,165060073,184944237,24183,N,4,39,202006
20200512,20200511,73,165060073,185216180,24182,N,1,40,202006
20200512,20200511,73,165060073,191519259,24147,N,1,41,202006
20200512,20200511,73,165060073,192532108,24098,N,8,42,202006
20200512,20200511,73,165060073,192532113,24072,N,1,43,202006
20200512,20200511,73,165060073,192658158,24096,N,1,44,202006
20200512,20200511,73,165060073,192723907,24082,N,2,45,202006
20200512,20200511,73,165060073,192821038,24103,N,1,46,202006
20200512,20200511,73,165060073,194850278,24109,N,1,47,202006
20200512,20200511,73,165060073,195006350,24096,N,1,48,202006
20200512,20200511,73,165060073,195214301,24095,N,1,49,202006
20200512,20200511,73,165060073,195347200,24085,N,1,50,202006
20200512,20200511,73,165060073,200006860,24112,N,5,51,202006
20200512,20200511,73,165060073,200025060,24098,N,1,52,202006
20200512,20200511,73,165060073,200035373,24109,N,1,53,202006
20200512,20200511,73,165060073,200242529,24115,N,1,54,202006
20200512,20200511,73,165060073,200401568,24103,N,1,55,202006
20200512,20200511,73,165060073,201052282,24094,N,11,56,202006
20200512,20200511,73,165060073,201052282,24095,N,11,57,202006
20200512,20200511,73,165060073,201052282,24097,N,10,58,202006
20200512,20200511,73,165060073,201052282,24102,N,10,59,202006
20200512,20200511,73,165060073,201052300,24102,N,6,60,202006
20200512,20200511,73,165060073,201052406,24102,N,5,61,202006
20200512,20200511,73,165060073,201054571,24102,N,11,62,202006
20200512,20200511,73,165060073,201054576,24102,N,11,63,202006
20200512,20200511,73,165060073,201054822,24102,N,10,64,202006
20200512,20200511,73,165060073,201055068,24102,N,1,65,202006
20200512,20200511,73,165060073,201055314,24102,N,14,66,202006
20200512,20200511,73,165060073,201101535,24103,N,11,67,202006
20200512,20200511,73,165060073,201101535,24104,N,11,68,202006
20200512,20200511,73,165060073,201101535,24107,N,10,69,202006
20200512,20200511,73,165060073,201101536,24107,N,6,70,202006
20200512,20200511,73,165060073,201101659,24107,N,11,71,202006
20200512,20200511,73,165060073,201404803,24110,N,11,72,202006
20200512,20200511,73,165060073,201406966,24114,N,11,73,202006
20200512,20200511,73,165060073,201522644,24117,N,1,74,202006
20200512,20200511,73,165060073,201743447,24110,N,7,75,202006
20200512,20200511,73,165060073,201940143,24107,N,22,76,202006
20200512,20200511,73,165060073,201940155,24107,N,5,77,202006
20200512,20200511,73,165060073,201940178,24107,N,11,78,202006
20200512,20200511,73,165060073,201940190,24107,N,5,79,202006
20200512,20200511,73,165060073,201940270,24107,N,2,80,202006
20200512,20200511,73,165060073,201940424,24107,N,6,81,202006
20200512,20200511,73,165060073,202550060,24100,N,4,82,202006
20200512,20200511,73,165060073,203008692,24100,N,5,83,202006
20200512,20200511,73,165060073,203008816,24100,N,1,84,202006
20200512,20200511,73,165060073,203054621,24095,N,1,85,202006
20200512,20200511,73,165060073,203111937,24100,N,1,86,202006
20200512,20200511,73,165060073,203323747,24108,N,1,87,202006
20200512,20200511,73,165060073,203524634,24091,N,10,88,202006
20200512,20200511,73,165060073,203623917,24084,N,4,89,202006
20200512,20200511,73,165060073,204346642,24077,N,5,90,202006
20200512,20200511,73,165060073,204443134,24044,N,5,91,202006
20200512,20200511,73,165060073,204526295,24031,N,2,92,202006
20200512,20200511,73,165060073,205012056,24025,N,1,93,202006
20200512,20200511,73,165060073,205012056,24022,N,1,94,202006
20200512,20200511,73,165060073,205127545,24028,N,1,95,202006
20200512,20200511,73,165060073,205134850,24038,N,1,96,202006
20200512,20200511,73,165060073,210230542,24011,N,1,97,202006
20200512,20200511,73,165060073,210627555,24000,N,1,98,202006
20200512,20200511,73,165060073,210637903,23990,N,3,99,202006
20200512,20200511,73,165060073,210639181,23977,N,1,100,202006
20200512,20200511,73,165060073,210714488,23998,N,2,101,202006
20200512,20200511,73,165060073,211334512,24039,N,1,102,202006
20200512,20200511,73,165060073,211344194,24036,N,2,103,202006
20200512,20200511,73,165060073,211500663,24033,N,1,104,202006
20200512,20200511,73,165060073,211846012,24041,N,5,105,202006
20200512,20200511,73,165060073,212034108,24027,N,2,106,202006
20200512,20200511,73,165060073,212441542,24043,N,1,107,202006
20200512,20200511,73,165060073,212641585,24022,N,1,108,202006
20200512,20200511,73,165060073,212720744,24005,N,1,109,202006
20200512,20200511,73,165060073,212736789,24016,N,1,110,202006
20200512,20200511,73,165060073,212842673,24023,N,1,111,202006
20200512,20200511,73,165060073,212911286,24016,N,1,112,202006
20200512,20200511,73,165060073,213625399,24016,N,1,113,202006
20200512,20200511,73,165060073,213810772,24000,N,1,114,202006
20200512,20200511,73,165060073,214059614,24000,N,1,115,202006
20200512,20200511,73,165060073,214059614,24000,N,1,116,202006
20200512,20200511,73,165060073,214309072,23977,N,1,117,202006
20200512,20200511,73,165060073,214358363,23931,N,5,118,202006
20200512,20200511,73,165060073,214424027,23949,N,5,119,202006
20200512,20200511,73,165060073,214436714,23950,N,2,120,202006
20200512,20200511,73,165060073,214440255,23950,N,1,121,202006
20200512,20200511,73,165060073,214707938,23976,N,1,122,202006
20200512,20200511,73,165060073,215550480,23978,N,2,123,202006
20200512,20200511,73,165060073,215852294,23985,N,1,124,202006
20200512,20200511,73,165060073,220254883,24003,N,1,125,202006
20200512,20200511,73,165060073,220623674,24019,N,5,126,202006
20200512,20200511,73,165060073,220817969,24010,N,1,127,202006
20200512,20200511,73,165060073,220915102,24011,N,1,128,202006
20200512,20200511,73,165060073,221004648,24010,N,1,129,202006
20200512,20200511,73,165060073,221144795,24003,N,11,130,202006
20200512,20200511,73,165060073,221400916,23998,N,2,131,202006
20200512,20200511,73,165060073,221444065,24005,N,5,132,202006
20200512,20200511,73,165060073,221913626,24015,N,10,133,202006
20200512,20200511,73,165060073,222249595,24019,N,9,134,202006
20200512,20200511,73,165060073,222554664,24027,N,1,135,202006
20200512,20200511,73,165060073,222721769,24019,N,1,136,202006
20200512,20200511,73,165060073,222753664,24016,N,1,137,202006
20200512,20200511,73,165060073,222954072,24020,N,1,138,202006
20200512,20200511,73,165060073,223254794,23980,N,1,139,202006
20200512,20200511,73,165060073,223423721,23991,N,1,140,202006
20200512,20200511,73,165060073,223433279,23970,N,1,141,202006
20200512,20200511,73,165060073,223502541,23973,N,6,142,202006
20200512,20200511,73,165060073,223512912,23952,N,1,143,202006
20200512,20200511,73,165060073,223708393,23988,N,1,144,202006
20200512,20200511,73,165060073,223731052,24000,N,1,145,202006
20200512,20200511,73,165060073,223852149,23991,N,1,146,202006
20200512,20200511,73,165060073,224241190,24020,N,1,147,202006
20200512,20200511,73,165060073,224522739,24033,N,5,148,202006
20200512,20200511,73,165060073,224522985,24033,N,5,149,202006
20200512,20200511,73,165060073,224718057,24040,N,5,150,202006
20200512,20200511,73,165060073,224752224,24040,N,5,151,202006
20200512,20200511,73,165060073,224859481,24024,N,5,152,202006
20200512,20200511,73,165060073,224859610,24024,N,5,153,202006
20200512,20200511,73,165060073,225044892,24024,N,1,154,202006
20200512,20200511,73,165060073,225049176,24014,N,5,155,202006
20200512,20200511,73,165060073,225049422,24014,N,5,156,202006
20200512,20200511,73,165060073,225056959,24020,N,1,157,202006
20200512,20200511,73,165060073,225506322,24007,N,5,158,202006
20200512,20200511,73,165060073,225506568,24007,N,5,159,202006
20200512,20200511,73,165060073,231230770,24009,N,1,160,202006
20200512,20200511,73,165060073,231512665,23980,N,5,161,202006
20200512,20200511,73,165060073,231512911,23980,N,5,162,202006
20200512,20200511,73,165060073,231809609,23960,N,1,163,202006
20200512,20200511,73,165060073,231809612,23956,N,1,164,202006
20200512,20200511,73,165060073,231854077,23956,N,12,165,202006
20200512,20200511,73,165060073,231941490,23976,N,6,166,202006
20200512,20200511,73,165060073,232020331,23974,N,1,167,202006
20200512,20200511,73,165060073,232145461,24002,N,2,168,202006
20200512,20200511,73,165060073,233058757,23989,N,1,169,202006
20200512,20200511,73,165060073,233158073,24002,N,1,170,202006
20200512,20200511,73,165060073,233404719,24024,N,1,171,202006
20200512,20200511,73,165060073,233644106,24015,N,1,172,202006
20200512,20200511,73,165060073,233649117,23994,N,6,173,202006
20200512,20200511,73,165060073,233701437,23991,N,10,174,202006
20200512,20200511,73,165060073,233717551,24000,N,2,175,202006
20200512,20200511,73,165060073,233808766,23980,N,1,176,202006
20200512,20200511,73,165060073,233850825,23998,N,1,177,202006
20200512,20200511,73,165060073,234007217,24000,N,1,178,202006
20200512,20200511,73,165060073,234620506,24000,N,1,179,202006
20200512,20200511,73,165060073,235114108,24021,N,1,180,202006
20200512,20200511,73,165060073,235216803,24019,N,8,181,202006
20200512,20200511,73,165060073,235225780,24017,N,5,182,202006
20200512,20200511,73,165060073,235226026,24017,N,3,183,202006
20200512,20200511,73,165060073,235516373,24012,N,1,184,202006
20200512,20200511,73,165060073,235518517,24008,N,1,185,202006
20200512,20200511,73,165060073,235927143,23990,N,2,186,202006
20200512,20200511,73,165060073,000336001,24018,N,1,187,202006
20200512,20200511,73,165060073,000604997,24026,N,1,188,202006
20200512,20200511,73,165060073,000708361,24020,N,2,189,202006
20200512,20200511,73,165060073,001154137,24015,N,1,190,202006
20200512,20200511,73,165060073,001715795,24018,N,1,191,202006
20200512,20200511,73,165060073,002117234,24035,N,1,192,202006
20200512,20200511,73,165060073,002309514,24031,N,1,193,202006
20200512,20200511,73,165060073,002326152,24025,N,2,194,202006
20200512,20200511,73,165060073,002511013,24011,N,2,195,202006
20200512,20200511,73,165060073,003207460,24068,N,1,196,202006
20200512,20200511,73,165060073,003207464,24068,N,1,197,202006
20200512,20200511,73,165060073,003725319,24069,N,8,198,202006
20200512,20200511,73,165060073,004048442,24061,N,2,199,202006
20200512,20200511,73,165060073,004153447,24057,N,2,200,202006
20200512,20200511,73,165060073,011849521,24085,N,1,201,202006
20200512,20200511,73,165060073,012009061,24095,N,4,202,202006
20200512,20200511,73,165060073,012038071,24100,N,1,203,202006
20200512,20200511,73,165060073,012402275,24119,N,1,204,202006
20200512,20200511,73,165060073,012457533,24125,N,1,205,202006
20200512,20200511,73,165060073,012457533,24126,N,1,206,202006
20200512,20200511,73,165060073,012805289,24135,N,1,207,202006
20200512,20200511,73,165060073,012807929,24137,N,2,208,202006
20200512,20200511,73,165060073,013243649,24155,N,1,209,202006
20200512,20200511,73,165060073,013300458,24154,N,3,210,202006
20200512,20200511,73,165060073,013300458,24155,N,1,211,202006
20200512,20200511,73,165060073,013518644,24159,N,1,212,202006
20200512,20200511,73,165060073,014302278,24162,N,2,213,202006
20200512,20200511,73,165060073,014836410,24134,N,1,214,202006
20200512,20200511,73,165060073,015002291,24129,N,1,215,202006
20200512,20200511,73,165060073,015303592,24148,N,1,216,202006
20200512,20200511,73,165060073,015303592,24149,N,4,217,202006
20200512,20200511,73,165060073,020026169,24159,N,2,218,202006
20200512,20200511,73,165060073,020729757,24200,N,2,219,202006
20200512,20200511,73,165060073,020844423,24204,N,2,220,202006
20200512,20200511,73,165060073,022653908,24219,N,1,221,202006
20200512,20200511,73,165060073,022653908,24222,N,1,222,202006
20200512,20200511,73,165060073,022702269,24226,N,1,223,202006
20200512,20200511,73,165060073,022702870,24226,N,1,224,202006
20200512,20200511,73,165060073,022732481,24234,N,2,225,202006
20200512,20200511,73,165060073,022758319,24237,N,1,226,202006
20200512,20200511,73,165060073,022956772,24224,N,4,227,202006
20200512,20200511,73,165060073,030217965,24185,N,1,228,202006
20200512,20200511,73,165060073,030537879,24153,N,1,229,202006
20200512,20200511,73,165060073,030618579,24143,N,4,230,202006
20200512,20200511,73,165060073,032256015,24167,N,1,231,202006
20200512,20200511,73,165060073,032515808,24175,N,1,232,202006
20200512,20200511,73,165060073,033304536,24180,N,1,233,202006
20200512,20200511,73,165060073,033633947,24180,N,1,234,202006
20200512,20200511,73,165060073,035516303,24200,N,1,235,202006
20200512,20200511,73,165060073,035520658,24200,N,1,236,202006
20200512,20200511,73,165060073,035536876,24200,N,1,237,202006
20200512,20200511,73,165060073,042852587,24177,N,1,238,202006
20200512,20200511,73,165060073,042915956,24180,N,1,239,202006
20200512,20200511,73,165060073,043113578,24176,N,1,240,202006
20200512,20200511,73,165060073,044002407,24173,N,1,241,202006
20200512,20200511,73,165060073,045000302,24133,N,11,242,202006
20200512,20200511,73,165060073,045054775,24172,N,1,243,202006
20200512,20200511,73,165060073,050110361,24105,N,1,244,202006
20200512,20200511,73,165060073,053001020,24139,E,3,245,202006
20200512,20200512,73,165060073,085236499,24042,O,1,246,202006
20200512,20200512,73,165060073,090016857,24056,N,1,247,202006
20200512,20200512,73,165060073,090130282,24050,N,5,248,202006
20200512,20200512,73,165060073,090144331,24047,N,5,249,202006
20200512,20200512,73,165060073,090420396,24032,N,1,250,202006
20200512,20200512,73,165060073,091901124,24011,N,5,251,202006
20200512,20200512,73,165060073,091913009,24009,N,5,252,202006
20200512,20200512,73,165060073,091938341,24012,N,5,253,202006
20200512,20200512,73,165060073,092531191,24003,N,5,254,202006
20200512,20200512,73,165060073,092706347,23999,N,5,255,202006
20200512,20200512,73,165060073,092840985,23984,N,1,256,202006
20200512,20200512,73,165060073,093441335,23966,N,1,257,202006
20200512,20200512,73,165060073,094144925,23984,N,1,258,202006
20200512,20200512,73,165060073,094155221,23986,N,1,259,202006
20200512,20200512,73,165060073,094522455,23987,N,1,260,202006
20200512,20200512,73,165060073,094613517,23985,N,1,261,202006
20200512,20200512,73,165060073,094638053,23979,N,1,262,202006
20200512,20200512,73,165060073,094807943,23950,N,1,263,202006
20200512,20200512,73,165060073,094959825,23940,N,1,264,202006
20200512,20200512,73,165060073,095115634,23940,N,1,265,202006
20200512,20200512,73,165060073,095612579,23941,N,1,266,202006
20200512,20200512,73,165060073,095626690,23942,N,1,267,202006
20200512,20200512,73,165060073,100155358,23955,N,1,268,202006
20200512,20200512,73,165060073,100601740,23954,N,2,269,202006
20200512,20200512,73,165060073,100926338,23974,N,1,270,202006
20200512,20200512,73,165060073,101829468,23975,N,2,271,202006
20200512,20200512,73,165060073,102836949,23989,N,10,272,202006
20200512,20200512,73,165060073,103734348,23980,N,3,273,202006
20200512,20200512,73,165060073,104603409,23920,N,1,274,202006
20200512,20200512,73,165060073,105140789,23924,N,1,275,202006
20200512,20200512,73,165060073,105144571,23919,N,1,276,202006
20200512,20200512,73,165060073,110318740,23933,N,1,277,202006
20200512,20200512,73,165060073,110519933,23937,N,1,278,202006
20200512,20200512,73,165060073,110639035,23936,N,1,279,202006
20200512,20200512,73,165060073,110846160,23950,N,1,280,202006
20200512,20200512,73,165060073,110846160,23951,N,10,281,202006
20200512,20200512,73,165060073,111241369,23952,N,1,282,202006
20200512,20200512,73,165060073,112629184,23932,N,10,283,202006
20200512,20200512,73,165060073,112820699,23916,N,5,284,202006
20200512,20200512,73,165060073,112820712,23916,N,3,285,202006
20200512,20200512,73,165060073,112831212,23902,N,5,286,202006
20200512,20200512,73,165060073,112831214,23900,N,1,287,202006
20200512,20200512,73,165060073,112831719,23900,N,1,288,202006
20200512,20200512,73,165060073,112832174,23879,N,1,289,202006
20200512,20200512,73,165060073,112906130,23894,N,3,290,202006
20200512,20200512,73,165060073,112923942,23896,N,1,291,202006
20200512,20200512,73,165060073,113002018,23901,N,1,292,202006
20200512,20200512,73,165060073,113355274,23900,N,1,293,202006
20200512,20200512,73,165060073,113839364,23908,N,1,294,202006
20200512,20200512,73,165060073,113945880,23900,N,1,295,202006
20200512,20200512,73,165060073,115059806,23916,N,2,296,202006
20200512,20200512,73,165060073,120449806,23892,N,1,297,202006
20200512,20200512,73,165060073,121122971,23869,N,1,298,202006
20200512,20200512,73,165060073,123614844,23867,N,1,299,202006
20200512,20200512,73,165060073,123705681,23864,N,1,300,202006
20200512,20200512,73,165060073,125500379,23900,N,2,301,202006
20200512,20200512,73,165060073,131153882,23921,N,1,302,202006
20200512,20200512,73,165060073,131932932,23962,N,1,303,202006
20200512,20200512,73,165060073,132145236,23953,N,1,304,202006
20200512,20200512,73,165060073,133256264,23943,N,1,305,202006
20200512,20200512,73,165060073,134806088,23936,N,1,306,202006
20200512,20200512,73,165060073,140329144,23990,N,4,307,202006
20200512,20200512,73,165060073,140809699,23977,N,1,308,202006
20200512,20200512,73,165060073,140906258,23975,N,1,309,202006
20200512,20200512,73,165060073,142228477,24007,N,2,310,202006
20200512,20200512,73,165060073,143059579,24009,N,1,311,202006
20200512,20200512,73,165060073,144934152,23996,N,1,312,202006
20200512,20200512,73,165060073,150235506,23960,N,1,313,202006
20200512,20200512,73,165060073,150755116,23900,N,5,314,202006
20200512,20200512,73,165060073,150755133,23900,N,4,315,202006
20200512,20200512,73,165060073,150755164,23899,N,7,316,202006
20200512,20200512,73,165060073,150755236,23900,N,5,317,202006
20200512,20200512,73,165060073,150756001,23900,N,2,318,202006
20200512,20200512,73,165060073,150756002,23900,N,2,319,202006
20200512,20200512,73,165060073,151501010,23865,E,4,320,202006
20200513,20200512,73,165060073,163001045,24007,O,1,1,202006
20200513,20200512,73,165060073,163145956,24044,N,1,2,202006
20200513,20200512,73,165060073,163219280,24020,N,2,3,202006
20200513,20200512,73,165060073,163616956,24019,N,1,4,202006
20200513,20200512,73,165060073,164437718,24008,N,7,5,202006
20200513,20200512,73,165060073,170144656,24019,N,1,6,202006
20200513,20200512,73,165060073,171254151,23999,N,1,7,202006
20200513,20200512,73,165060073,171534266,24022,N,3,8,202006
20200513,20200512,73,165060073,171905065,24040,N,5,9,202006
20200513,20200512,73,165060073,172657723,24046,N,2,10,202006
20200513,20200512,73,165060073,173209583,24045,N,1,11,202006
20200513,20200512,73,165060073,175731138,24026,N,1,12,202006
20200513,20200512,73,165060073,175803241,24020,N,1,13,202006
20200513,20200512,73,165060073,175936807,24025,N,1,14,202006
20200513,20200512,73,165060073,180402614,24000,N,1,15,202006
20200513,20200512,73,165060073,180429403,23994,N,1,16,202006
20200513,20200512,73,165060073,180815943,24000,N,2,17,202006
20200513,20200512,73,165060073,182448475,24050,N,1,18,202006
20200513,20200512,73,165060073,182510164,24050,N,4,19,202006
20200513,20200512,73,165060073,182516087,24050,N,1,20,202006
20200513,20200512,73,165060073,182516088,24050,N,4,21,202006
20200513,20200512,73,165060073,182522585,24063,N,1,22,202006
20200513,20200512,73,165060073,182938325,24067,N,1,23,202006
20200513,20200512,73,165060073,183112660,24067,N,5,24,202006
20200513,20200512,73,165060073,183144146,24061,N,1,25,202006
20200513,20200512,73,165060073,183231992,24064,N,1,26,202006
20200513,20200512,73,165060073,183625775,24050,N,1,27,202006
20200513,20200512,73,165060073,184658851,24030,N,2,28,202006
20200513,20200512,73,165060073,185307465,24087,N,1,29,202006
20200513,20200512,73,165060073,185928680,24080,N,1,30,202006
20200513,20200512,73,165060073,190020842,24080,N,1,31,202006
20200513,20200512,73,165060073,191734276,24110,N,2,32,202006
20200513,20200512,73,165060073,191833921,24113,N,1,33,202006
20200513,20200512,73,165060073,192032029,24119,N,1,34,202006
20200513,20200512,73,165060073,193131407,24167,N,4,35,202006
20200513,20200512,73,165060073,193131410,24167,N,6,36,202006
20200513,20200512,73,165060073,193952704,24147,N,1,37,202006
20200513,20200512,73,165060073,200536885,24160,N,1,38,202006
20200513,20200512,73,165060073,200536888,24160,N,1,39,202006
20200513,20200512,73,165060073,201103296,24180,N,1,40,202006
20200513,20200512,73,165060073,202859023,24200,N,1,41,202006
20200513,20200512,73,165060073,203648733,24189,N,10,42,202006
20200513,20200512,73,165060073,204650174,24197,N,1,43,202006
20200513,20200512,73,165060073,204735779,24206,N,2,44,202006
20200513,20200512,73,165060073,204956885,24208,N,1,45,202006
20200513,20200512,73,165060073,205038886,24219,N,1,46,202006
20200513,20200512,73,165060073,205214500,24228,N,1,47,202006
20200513,20200512,73,165060073,205346927,24222,N,1,48,202006
20200513,20200512,73,165060073,205500813,24222,N,1,49,202006
20200513,20200512,73,165060073,205729324,24218,N,1,50,202006
20200513,20200512,73,165060073,205906691,24212,N,1,51,202006
20200513,20200512,73,165060073,212212903,24204,N,1,52,202006
20200513,20200512,73,165060073,212900000,24195,N,1,53,202006
20200513,20200512,73,165060073,214104624,24184,N,1,54,202006
20200513,20200512,73,165060073,215755597,24214,N,1,55,202006
20200513,20200512,73,165060073,220223657,24223,N,1,56,202006
20200513,20200512,73,165060073,220309021,24225,N,1,57,202006
20200513,20200512,73,165060073,220322507,24229,N,1,58,202006
20200513,20200512,73,165060073,221002617,24205,N,1,59,202006
20200513,20200512,73,165060073,222644346,24232,N,1,60,202006
20200513,20200512,73,165060073,222739511,24232,N,1,61,202006
20200513,20200512,73,165060073,223137172,24250,N,1,62,202006
20200513,20200512,73,165060073,223320403,24251,N,1,63,202006
20200513,20200512,73,165060073,223426324,24245,N,1,64,202006
20200513,20200512,73,165060073,223723756,24207,N,1,65,202006
20200513,20200512,73,165060073,223852633,24245,N,1,66,202006
20200513,20200512,73,165060073,223937832,24250,N,1,67,202006
20200513,20200512,73,165060073,224009889,24254,N,1,68,202006
20200513,20200512,73,165060073,224314194,24229,N,3,69,202006
20200513,20200512,73,165060073,224534413,24213,N,1,70,202006
20200513,20200512,73,165060073,224823718,24166,N,2,71,202006
20200513,20200512,73,165060073,224907829,24168,N,1,72,202006
20200513,20200512,73,165060073,225429127,24102,N,1,73,202006
20200513,20200512,73,165060073,225529119,24110,N,1,74,202006
20200513,20200512,73,165060073,225837500,24155,N,1,75,202006
20200513,20200512,73,165060073,231137304,24146,N,2,76,202006
20200513,20200512,73,165060073,231237904,24145,N,1,77,202006
20200513,20200512,73,165060073,231402507,24166,N,1,78,202006
20200513,20200512,73,165060073,231645185,24189,N,1,79,202006
20200513,20200512,73,165060073,231808850,24189,N,1,80,202006
20200513,20200512,73,165060073,232332909,24169,N,1,81,202006
20200513,20200512,73,165060073,233218898,24147,N,1,82,202006
20200513,20200512,73,165060073,233228013,24135,N,2,83,202006
20200513,20200512,73,165060073,233821263,24150,N,1,84,202006
20200513,20200512,73,165060073,234352659,24128,N,2,85,202006
20200513,20200512,73,165060073,234422355,24114,N,11,86,202006
20200513,20200512,73,165060073,234422355,24113,N,21,87,202006
20200513,20200512,73,165060073,234423469,24111,N,4,88,202006
20200513,20200512,73,165060073,234423603,24111,N,4,89,202006
20200513,20200512,73,165060073,234427853,24106,N,10,90,202006
20200513,20200512,73,165060073,234441501,24109,N,11,91,202006
20200513,20200512,73,165060073,234441501,24108,N,9,92,202006
20200513,20200512,73,165060073,234501318,24112,N,3,93,202006
20200513,20200512,73,165060073,235220264,24087,N,1,94,202006
20200513,20200512,73,165060073,235246919,24092,N,2,95,202006
20200513,20200512,73,165060073,235249214,24089,N,1,96,202006
20200513,20200512,73,165060073,235424756,24107,N,1,97,202006
20200513,20200512,73,165060073,235459407,24110,N,1,98,202006
20200513,20200512,73,165060073,235918528,24123,N,1,99,202006
20200513,20200512,73,165060073,000312144,24120,N,1,100,202006
20200513,20200512,73,165060073,000331862,24113,N,1,101,202006
20200513,20200512,73,165060073,001759046,24153,N,1,102,202006
20200513,20200512,73,165060073,001953652,24147,N,1,103,202006
20200513,20200512,73,165060073,004106107,24120,N,1,104,202006
20200513,20200512,73,165060073,005002462,24097,N,1,105,202006
20200513,20200512,73,165060073,010241143,24130,N,1,106,202006
20200513,20200512,73,165060073,012432062,24131,N,2,107,202006
20200513,20200512,73,165060073,012606928,24121,N,1,108,202006
20200513,20200512,73,165060073,012626838,24121,N,1,109,202006
20200513,20200512,73,165060073,015930143,24115,N,1,110,202006
20200513,20200512,73,165060073,021409440,24019,N,1,111,202006
20200513,20200512,73,165060073,021409450,24018,N,1,112,202006
20200513,20200512,73,165060073,021803221,24000,N,1,113,202006
20200513,20200512,73,165060073,021900465,23989,N,1,114,202006
20200513,20200512,73,165060073,022323709,23987,N,5,115,202006
20200513,20200512,73,165060073,022502083,23947,N,1,116,202006
20200513,20200512,73,165060073,022515738,23950,N,1,117,202006
20200513,20200512,73,165060073,023838669,23987,N,1,118,202006
20200513,20200512,73,165060073,025016805,24002,N,1,119,202006
20200513,20200512,73,165060073,025127003,24005,N,1,120,202006
20200513,20200512,73,165060073,030911795,24000,N,3,121,202006
20200513,20200512,73,165060073,031456593,23963,N,1,122,202006
20200513,20200512,73,165060073,031700276,23950,N,1,123,202006
20200513,20200512,73,165060073,031700276,23945,N,2,124,202006
20200513,20200512,73,165060073,033208397,23936,N,1,125,202006
20200513,20200512,73,165060073,033332856,23954,N,1,126,202006
20200513,20200512,73,165060073,034230755,23954,N,1,127,202006
20200513,20200512,73,165060073,035116288,23969,N,1,128,202006
20200513,20200512,73,165060073,035821837,24000,N,1,129,202006
20200513,20200512,73,165060073,040915179,23981,N,2,130,202006
20200513,20200512,73,165060073,041944339,23916,N,1,131,202006
20200513,20200512,73,165060073,042144038,23915,N,8,132,202006
20200513,20200512,73,165060073,042200561,23913,N,1,133,202006
20200513,20200512,73,165060073,042341252,23922,N,1,134,202006
20200513,20200512,73,165060073,042417747,23910,N,2,135,202006
20200513,20200512,73,165060073,042453797,23900,N,2,136,202006
20200513,20200512,73,165060073,042555160,23894,N,7,137,202006
20200513,20200512,73,165060073,043231646,23888,N,1,138,202006
20200513,20200512,73,165060073,043332718,23877,N,1,139,202006
20200513,20200512,73,165060073,043618202,23853,N,1,140,202006
20200513,20200512,73,165060073,043826301,23853,N,1,141,202006
20200513,20200512,73,165060073,043837072,23850,N,2,142,202006
20200513,20200512,73,165060073,043859909,23839,N,1,143,202006
20200513,20200512,73,165060073,043932599,23848,N,2,144,202006
20200513,20200512,73,165060073,044001623,23858,N,1,145,202006
20200513,20200512,73,165060073,044008324,23848,N,1,146,202006
20200513,20200512,73,165060073,044033807,23830,N,1,147,202006
20200513,20200512,73,165060073,044045802,23824,N,1,148,202006
20200513,20200512,73,165060073,044205334,23800,N,3,149,202006
20200513,20200512,73,165060073,044246860,23790,N,1,150,202006
20200513,20200512,73,165060073,044410481,23782,N,1,151,202006
20200513,20200512,73,165060073,044525070,23760,N,4,152,202006
20200513,20200512,73,165060073,044956666,23750,N,1,153,202006
20200513,20200512,73,165060073,045000069,23736,N,5,154,202006
20200513,20200512,73,165060073,045019715,23723,N,5,155,202006
20200513,20200512,73,165060073,045047069,23732,N,5,156,202006
20200513,20200512,73,165060073,045127875,23700,N,1,157,202006
20200513,20200512,73,165060073,045127875,23698,N,1,158,202006
20200513,20200512,73,165060073,045145436,23700,N,3,159,202006
20200513,20200512,73,165060073,045213549,23693,N,5,160,202006
20200513,20200512,73,165060073,045250108,23680,N,1,161,202006
20200513,20200512,73,165060073,045319105,23690,N,1,162,202006
20200513,20200512,73,165060073,045324226,23700,N,2,163,202006
20200513,20200512,73,165060073,045348362,23705,N,1,164,202006
20200513,20200512,73,165060073,045736613,23690,N,1,165,202006
20200513,20200512,73,165060073,045747354,23680,N,1,166,202006
20200513,20200512,73,165060073,045757874,23680,N,2,167,202006
20200513,20200512,73,165060073,045821470,23670,N,1,168,202006
20200513,20200512,73,165060073,045917442,23716,N,1,169,202006
20200513,20200512,73,165060073,050405697,23600,N,1,170,202006
20200513,20200512,73,165060073,050408181,23613,N,1,171,202006
