Trade_Date,Make_Date,Index_Type,Security_Code,Time,Trade_Price,Price_Type,Trade_Volume,No,Contract_Month
20200106,20191230,73,165030073,163151797,28590,O,1,1,202003
20200106,20191230,73,165030073,164419035,28616,N,4,2,202003
20200106,20191230,73,165030073,165052434,28608,N,1,3,202003
20200106,20191230,73,165030073,173507340,28636,N,1,4,202003
20200106,20191230,73,165030073,180041488,28623,N,1,5,202003
20200106,20191230,73,165030073,180526775,28624,N,1,6,202003
20200106,20191230,73,165030073,182135284,28625,N,1,7,202003
20200106,20191230,73,165030073,185634951,28615,N,1,8,202003
20200106,20191230,73,165030073,190013492,28611,N,1,9,202003
20200106,20191230,73,165030073,195808666,28611,N,1,10,202003
20200106,20191230,73,165030073,200126815,28601,N,1,11,202003
20200106,20191230,73,165030073,200710732,28595,N,5,12,202003
20200106,20191230,73,165030073,204434520,28599,N,1,13,202003
20200106,20191230,73,165030073,205646949,28601,N,1,14,202003
20200106,20191230,73,165030073,213520204,28606,N,2,15,202003
20200106,20191230,73,165030073,221127229,28610,N,1,16,202003
20200106,20191230,73,165030073,222753306,28620,N,1,17,202003
20200106,20191230,73,165030073,230532300,28620,N,2,18,202003
20200106,20191230,73,165030073,230624551,28625,N,1,19,202003
20200106,20191230,73,165030073,232838435,28611,N,5,20,202003
20200106,20191230,73,165030073,232838770,28611,N,1,21,202003
20200106,20191230,73,165030073,233414424,28580,N,2,22,202003
20200106,20191230,73,165030073,233510566,28550,N,3,23,202003
20200106,20191230,73,165030073,233551578,28550,N,9,24,202003
20200106,20191230,73,165030073,233626377,28521,N,1,25,202003
20200106,20191230,73,165030073,233711153,28520,N,1,26,202003
20200106,20191230,73,165030073,233847899,28511,N,1,27,202003
20200106,20191230,73,165030073,233856111,28511,N,2,28,202003
20200106,20191230,73,165030073,233857602,28515,N,9,29,202003
20200106,20191230,73,165030073,234000064,28506,N,1,30,202003
20200106,20191230,73,165030073,234019472,28500,N,1,31,202003
20200106,20191230,73,165030073,234020149,28504,N,2,32,202003
20200106,20191230,73,165030073,234205824,28513,N,1,33,202003
20200106,20191230,73,165030073,234207595,28513,N,7,34,202003
20200106,20191230,73,165030073,234242201,28510,N,1,35,202003
20200106,20191230,73,165030073,234313183,28499,N,1,36,202003
20200106,20191230,73,165030073,234314125,28495,N,1,37,202003
20200106,20191230,73,165030073,234349236,28493,N,1,38,202003
20200106,20191230,73,165030073,234413564,28488,N,1,39,202003
20200106,20191230,73,165030073,234506362,28469,N,8,40,202003
20200106,20191230,73,165030073,235256733,28497,N,1,41,202003
20200106,20191230,73,165030073,235410825,28494,N,1,42,202003
20200106,20191230,73,165030073,235421871,28497,N,1,43,202003
20200106,20191230,73,165030073,235447456,28500,N,1,44,202003
20200106,20191230,73,165030073,235743122,28481,N,1,45,202003
20200106,20191230,73,165030073,235921964,28470,N,2,46,202003
20200106,20191230,73,165030073,000356433,28470,N,1,47,202003
20200106,20191230,73,165030073,000508416,28470,N,2,48,202003
20200106,20191230,73,165030073,000800784,28466,N,1,49,202003
20200106,20191230,73,165030073,001036480,28466,N,10,50,202003
20200106,20191230,73,165030073,001036853,28466,N,2,51,202003
20200106,20191230,73,165030073,001036854,28466,N,2,52,202003
20200106,20191230,73,165030073,001037554,28466,N,2,53,202003
20200106,20191230,73,165030073,001224834,28450,N,2,54,202003
20200106,20191230,73,165030073,001225013,28425,N,1,55,202003
20200106,20191230,73,165030073,001225015,28425,N,1,56,202003
20200106,20191230,73,165030073,001225016,28425,N,1,57,202003
20200106,20191230,73,165030073,001225017,28425,N,1,58,202003
20200106,20191230,73,165030073,001225018,28425,N,6,59,202003
20200106,20191230,73,165030073,001225132,28426,N,2,60,202003
20200106,20191230,73,165030073,001536855,28413,N,1,61,202003
20200106,20191230,73,165030073,001542461,28404,N,1,62,202003
20200106,20191230,73,165030073,001551608,28400,N,2,63,202003
20200106,20191230,73,165030073,001551616,28376,N,1,64,202003
20200106,20191230,73,165030073,001615713,28411,N,3,65,202003
20200106,20191230,73,165030073,002105166,28415,N,1,66,202003
20200106,20191230,73,165030073,002133801,28431,N,1,67,202003
20200106,20191230,73,165030073,002229320,28409,N,1,68,202003
20200106,20191230,73,165030073,002232423,28415,N,2,69,202003
20200106,20191230,73,165030073,002329987,28400,N,3,70,202003
20200106,20191230,73,165030073,002441230,28401,N,1,71,202003
20200106,20191230,73,165030073,002536108,28395,N,1,72,202003
20200106,20191230,73,165030073,002609846,28397,N,2,73,202003
20200106,20191230,73,165030073,003344828,28391,N,1,74,202003
20200106,20191230,73,165030073,003423068,28393,N,3,75,202003
20200106,20191230,73,165030073,004013799,28405,N,10,76,202003
20200106,20191230,73,165030073,004452267,28410,N,1,77,202003
20200106,20191230,73,165030073,004851735,28412,N,1,78,202003
20200106,20191230,73,165030073,005917488,28409,N,6,79,202003
20200106,20191230,73,165030073,010016175,28431,N,1,80,202003
20200106,20191230,73,165030073,010332328,28415,N,1,81,202003
20200106,20191230,73,165030073,010447579,28412,N,1,82,202003
20200106,20191230,73,165030073,010620582,28411,N,1,83,202003
20200106,20191230,73,165030073,011025827,28422,N,2,84,202003
20200106,20191230,73,165030073,011048635,28415,N,1,85,202003
20200106,20191230,73,165030073,011604945,28442,N,1,86,202003
20200106,20191230,73,165030073,011733024,28445,N,1,87,202003
20200106,20191230,73,165030073,011734173,28446,N,1,88,202003
20200106,20191230,73,165030073,011851725,28445,N,1,89,202003
20200106,20191230,73,165030073,012055635,28448,N,2,90,202003
20200106,20191230,73,165030073,012137235,28444,N,1,91,202003
20200106,20191230,73,165030073,012353636,28455,N,1,92,202003
20200106,20191230,73,165030073,013550860,28434,N,1,93,202003
20200106,20191230,73,165030073,014441754,28450,N,1,94,202003
20200106,20191230,73,165030073,020242554,28470,N,1,95,202003
20200106,20191230,73,165030073,020640908,28475,N,1,96,202003
20200106,20191230,73,165030073,021523834,28490,N,3,97,202003
20200106,20191230,73,165030073,021606274,28501,N,10,98,202003
20200106,20191230,73,165030073,022536378,28490,N,1,99,202003
20200106,20191230,73,165030073,023452257,28510,N,1,100,202003
20200106,20191230,73,165030073,024416924,28506,N,1,101,202003
20200106,20191230,73,165030073,024905344,28511,N,1,102,202003
20200106,20191230,73,165030073,024917163,28500,N,1,103,202003
20200106,20191230,73,165030073,024922762,28509,N,1,104,202003
20200106,20191230,73,165030073,031919894,28488,N,1,105,202003
20200106,20191230,73,165030073,032918776,28484,N,3,106,202003
20200106,20191230,73,165030073,035524620,28475,N,6,107,202003
20200106,20191230,73,165030073,040254065,28458,N,1,108,202003
20200106,20191230,73,165030073,041315494,28450,N,1,109,202003
20200106,20191230,73,165030073,042817379,28432,N,1,110,202003
20200106,20191230,73,165030073,044100602,28429,N,2,111,202003
20200106,20191230,73,165030073,044116505,28430,N,1,112,202003
20200106,20191230,73,165030073,044414395,28430,N,3,113,202003
20200106,20191230,73,165030073,044737553,28434,N,1,114,202003
20200106,20191230,73,165030073,045405864,28431,N,1,115,202003
20200106,20191230,73,165030073,045543327,28435,N,10,116,202003
20200106,20191230,73,165030073,045613224,28439,N,1,117,202003
20200106,20191230,73,165030073,050208950,28430,E,1,118,202003
20200106,20200106,73,165030073,084501051,28390,O,15,119,202003
20200106,20200106,73,165030073,084503160,28400,N,1,120,202003
20200106,20200106,73,165030073,084511756,28430,N,1,121,202003
20200106,20200106,73,165030073,084521020,28450,N,1,122,202003
20200106,20200106,73,165030073,084622044,28465,N,1,123,202003
20200106,20200106,73,165030073,084622194,28446,N,1,124,202003
20200106,20200106,73,165030073,084656421,28488,N,1,125,202003
20200106,20200106,73,165030073,085003804,28488,N,1,126,202003
20200106,20200106,73,165030073,085011283,28472,N,6,127,202003
20200106,20200106,73,165030073,085011441,28471,N,6,128,202003
20200106,20200106,73,165030073,085011570,28470,N,6,129,202003
20200106,20200106,73,165030073,085011690,28467,N,5,130,202003
20200106,20200106,73,165030073,085011821,28468,N,4,131,202003
20200106,20200106,73,165030073,085012214,28464,N,11,132,202003
20200106,20200106,73,165030073,085012659,28488,N,1,133,202003
20200106,20200106,73,165030073,085012701,28480,N,1,134,202003
20200106,20200106,73,165030073,085014183,28465,N,11,135,202003
20200106,20200106,73,165030073,085016908,28466,N,5,136,202003
20200106,20200106,73,165030073,085017061,28465,N,5,137,202003
20200106,20200106,73,165030073,085017185,28463,N,11,138,202003
20200106,20200106,73,165030073,085017309,28464,N,5,139,202003
20200106,20200106,73,165030073,085017434,28463,N,5,140,202003
20200106,20200106,73,165030073,085017558,28462,N,5,141,202003
20200106,20200106,73,165030073,085019642,28471,N,6,142,202003
20200106,20200106,73,165030073,085019768,28470,N,6,143,202003
20200106,20200106,73,165030073,085019892,28469,N,6,144,202003
20200106,20200106,73,165030073,085020015,28468,N,4,145,202003
20200106,20200106,73,165030073,085020256,28465,N,5,146,202003
20200106,20200106,73,165030073,085020380,28464,N,11,147,202003
20200106,20200106,73,165030073,085022904,28467,N,11,148,202003
20200106,20200106,73,165030073,085023758,28457,N,1,149,202003
20200106,20200106,73,165030073,085121778,28466,N,1,150,202003
20200106,20200106,73,165030073,085227337,28478,N,4,151,202003
20200106,20200106,73,165030073,085425109,28476,N,5,152,202003
20200106,20200106,73,165030073,085702148,28470,N,1,153,202003
20200106,20200106,73,165030073,090541042,28485,N,1,154,202003
20200106,20200106,73,165030073,090646757,28484,N,1,155,202003
20200106,20200106,73,165030073,090708203,28483,N,1,156,202003
20200106,20200106,73,165030073,090727139,28480,N,1,157,202003
20200106,20200106,73,165030073,090820455,28480,N,1,158,202003
20200106,20200106,73,165030073,090821484,28480,N,1,159,202003
20200106,20200106,73,165030073,090822500,28480,N,7,160,202003
20200106,20200106,73,165030073,090906020,28480,N,1,161,202003
20200106,20200106,73,165030073,090920214,28479,N,1,162,202003
20200106,20200106,73,165030073,091035091,28478,N,1,163,202003
20200106,20200106,73,165030073,091118432,28482,N,1,164,202003
20200106,20200106,73,165030073,091147951,28481,N,1,165,202003
20200106,20200106,73,165030073,091150387,28480,N,1,166,202003
20200106,20200106,73,165030073,091227294,28472,N,5,167,202003
20200106,20200106,73,165030073,091245626,28478,N,1,168,202003
20200106,20200106,73,165030073,091405917,28478,N,1,169,202003
20200106,20200106,73,165030073,091600646,28474,N,1,170,202003
20200106,20200106,73,165030073,091618376,28475,N,1,171,202003
20200106,20200106,73,165030073,091710963,28479,N,1,172,202003
20200106,20200106,73,165030073,091722703,28477,N,1,173,202003
20200106,20200106,73,165030073,091725224,28481,N,1,174,202003
20200106,20200106,73,165030073,092142093,28474,N,1,175,202003
20200106,20200106,73,165030073,092157065,28470,N,1,176,202003
20200106,20200106,73,165030073,092337852,28472,N,1,177,202003
20200106,20200106,73,165030073,092337852,28471,N,1,178,202003
20200106,20200106,73,165030073,092624187,28471,N,1,179,202003
20200106,20200106,73,165030073,092626966,28471,N,1,180,202003
20200106,20200106,73,165030073,092627910,28471,N,1,181,202003
20200106,20200106,73,165030073,093356142,28478,N,1,182,202003
20200106,20200106,73,165030073,093706285,28466,N,1,183,202003
20200106,20200106,73,165030073,093706285,28466,N,1,184,202003
20200106,20200106,73,165030073,093924106,28455,N,1,185,202003
20200106,20200106,73,165030073,093952724,28453,N,4,186,202003
20200106,20200106,73,165030073,094717315,28468,N,2,187,202003
20200106,20200106,73,165030073,094735275,28473,N,1,188,202003
20200106,20200106,73,165030073,095259033,28475,N,1,189,202003
20200106,20200106,73,165030073,095351781,28474,N,1,190,202003
20200106,20200106,73,165030073,095502069,28470,N,1,191,202003
20200106,20200106,73,165030073,100920133,28467,N,10,192,202003
20200106,20200106,73,165030073,101048808,28466,N,1,193,202003
20200106,20200106,73,165030073,101747509,28465,N,1,194,202003
20200106,20200106,73,165030073,101747509,28465,N,1,195,202003
20200106,20200106,73,165030073,101747510,28465,N,1,196,202003
20200106,20200106,73,165030073,101747511,28465,N,1,197,202003
20200106,20200106,73,165030073,101747512,28465,N,1,198,202003
20200106,20200106,73,165030073,101747512,28465,N,1,199,202003
20200106,20200106,73,165030073,101922416,28464,N,1,200,202003
20200106,20200106,73,165030073,102206814,28464,N,1,201,202003
20200106,20200106,73,165030073,102241456,28464,N,10,202,202003
20200106,20200106,73,165030073,102448781,28462,N,3,203,202003
20200106,20200106,73,165030073,103036546,28458,N,3,204,202003
20200106,20200106,73,165030073,103037670,28458,N,2,205,202003
20200106,20200106,73,165030073,103126082,28457,N,3,206,202003
20200106,20200106,73,165030073,103637200,28452,N,1,207,202003
20200106,20200106,73,165030073,103904592,28454,N,1,208,202003
20200106,20200106,73,165030073,104021009,28450,N,1,209,202003
20200106,20200106,73,165030073,104023491,28450,N,1,210,202003
20200106,20200106,73,165030073,104048651,28450,N,1,211,202003
20200106,20200106,73,165030073,104050274,28450,N,1,212,202003
20200106,20200106,73,165030073,104206753,28450,N,1,213,202003
20200106,20200106,73,165030073,104245140,28450,N,1,214,202003
20200106,20200106,73,165030073,104245140,28446,N,1,215,202003
20200106,20200106,73,165030073,105001627,28446,N,1,216,202003
20200106,20200106,73,165030073,105239524,28442,N,1,217,202003
20200106,20200106,73,165030073,105516823,28440,N,2,218,202003
20200106,20200106,73,165030073,105910576,28441,N,1,219,202003
20200106,20200106,73,165030073,110127123,28442,N,1,220,202003
20200106,20200106,73,165030073,110204018,28445,N,1,221,202003
20200106,20200106,73,165030073,110428293,28453,N,3,222,202003
20200106,20200106,73,165030073,112448813,28448,N,3,223,202003
20200106,20200106,73,165030073,112834210,28456,N,1,224,202003
20200106,20200106,73,165030073,112901123,28457,N,1,225,202003
20200106,20200106,73,165030073,113310771,28450,N,1,226,202003
20200106,20200106,73,165030073,114259303,28448,N,1,227,202003
20200106,20200106,73,165030073,114511648,28446,N,1,228,202003
20200106,20200106,73,165030073,114635755,28447,N,1,229,202003
20200106,20200106,73,165030073,114933265,28443,N,1,230,202003
20200106,20200106,73,165030073,115738839,28456,N,1,231,202003
20200106,20200106,73,165030073,120222350,28452,N,1,232,202003
20200106,20200106,73,165030073,120308758,28451,N,1,233,202003
20200106,20200106,73,165030073,120327371,28453,N,2,234,202003
20200106,20200106,73,165030073,120414352,28454,N,1,235,202003
20200106,20200106,73,165030073,120414352,28453,N,1,236,202003
20200106,20200106,73,165030073,121924306,28459,N,1,237,202003
20200106,20200106,73,165030073,122104196,28462,N,1,238,202003
20200106,20200106,73,165030073,122812962,28465,N,4,239,202003
20200106,20200106,73,165030073,123300723,28460,N,1,240,202003
20200106,20200106,73,165030073,123712399,28463,N,1,241,202003
20200106,20200106,73,165030073,123925718,28461,N,10,242,202003
20200106,20200106,73,165030073,124334513,28465,N,1,243,202003
20200106,20200106,73,165030073,125126947,28471,N,1,244,202003
20200106,20200106,73,165030073,125253158,28478,N,1,245,202003
20200106,20200106,73,165030073,125332218,28480,N,1,246,202003
20200106,20200106,73,165030073,125429311,28484,N,1,247,202003
20200106,20200106,73,165030073,125451925,28480,N,1,248,202003
20200106,20200106,73,165030073,125508360,28480,N,1,249,202003
20200106,20200106,73,165030073,125511295,28480,N,8,250,202003
20200106,20200106,73,165030073,130446290,28472,N,5,251,202003
20200106,20200106,73,165030073,130548381,28477,N,2,252,202003
20200106,20200106,73,165030073,130824023,28479,N,1,253,202003
20200106,20200106,73,165030073,131222160,28484,N,1,254,202003
20200106,20200106,73,165030073,131403908,28483,N,1,255,202003
20200106,20200106,73,165030073,131552127,28488,N,1,256,202003
20200106,20200106,73,165030073,132130490,28500,N,1,257,202003
20200106,20200106,73,165030073,132130493,28501,N,3,258,202003
20200106,20200106,73,165030073,132440364,28513,N,1,259,202003
20200106,20200106,73,165030073,132440367,28514,N,1,260,202003
20200106,20200106,73,165030073,132457247,28513,N,1,261,202003
20200106,20200106,73,165030073,132631387,28520,N,1,262,202003
20200106,20200106,73,165030073,132700076,28515,N,2,263,202003
20200106,20200106,73,165030073,132705469,28516,N,1,264,202003
20200106,20200106,73,165030073,132806078,28520,N,1,265,202003
20200106,20200106,73,165030073,133151675,28508,N,1,266,202003
20200106,20200106,73,165030073,133250411,28512,N,3,267,202003
20200106,20200106,73,165030073,133610469,28505,N,1,268,202003
20200106,20200106,73,165030073,135134918,28505,N,1,269,202003
20200106,20200106,73,165030073,140458178,28511,N,1,270,202003
20200106,20200106,73,165030073,140743141,28501,N,1,271,202003
20200106,20200106,73,165030073,140847859,28500,N,1,272,202003
20200106,20200106,73,165030073,140849114,28500,N,1,273,202003
20200106,20200106,73,165030073,140924294,28500,N,1,274,202003
20200106,20200106,73,165030073,140954019,28500,N,1,275,202003
20200106,20200106,73,165030073,141014891,28500,N,1,276,202003
20200106,20200106,73,165030073,141112392,28499,N,1,277,202003
20200106,20200106,73,165030073,141119897,28500,N,1,278,202003
20200106,20200106,73,165030073,141428416,28498,N,1,279,202003
20200106,20200106,73,165030073,141515000,28500,N,1,280,202003
20200106,20200106,73,165030073,142539365,28500,N,1,281,202003
20200106,20200106,73,165030073,143247072,28495,N,1,282,202003
20200106,20200106,73,165030073,143426950,28494,N,1,283,202003
20200106,20200106,73,165030073,143517793,28496,N,1,284,202003
20200106,20200106,73,165030073,143904166,28491,N,1,285,202003
20200106,20200106,73,165030073,144623172,28495,N,2,286,202003
20200106,20200106,73,165030073,144900617,28492,N,3,287,202003
20200106,20200106,73,165030073,145038036,28492,N,1,288,202003
20200106,20200106,73,165030073,145412075,28495,N,1,289,202003
20200106,20200106,73,165030073,145447960,28496,N,1,290,202003
20200106,20200106,73,165030073,145850530,28495,N,1,291,202003
20200106,20200106,73,165030073,150929788,28463,N,7,292,202003
20200106,20200106,73,165030073,151501008,28478,E,15,293,202003
20200107,20200106,73,165030073,163001045,28470,O,1,1,202003
20200107,20200106,73,165030073,163001055,28470,N,3,2,202003
20200107,20200106,73,165030073,163029607,28580,N,10,3,202003
20200107,20200106,73,165030073,163029613,28580,N,1,4,202003
20200107,20200106,73,165030073,163057893,28504,N,1,5,202003
20200107,20200106,73,165030073,163126420,28500,N,1,6,202003
20200107,20200106,73,165030073,163201304,28454,N,5,7,202003
20200107,20200106,73,165030073,163502543,28488,N,10,8,202003
20200107,20200106,73,165030073,163502643,28489,N,10,9,202003
20200107,20200106,73,165030073,163502643,28489,N,1,10,202003
20200107,20200106,73,165030073,163502655,28488,N,1,11,202003
20200107,20200106,73,165030073,163503456,28487,N,1,12,202003
20200107,20200106,73,165030073,163503508,28487,N,1,13,202003
20200107,20200106,73,165030073,163503535,28487,N,1,14,202003
20200107,20200106,73,165030073,163503556,28488,N,4,15,202003
20200107,20200106,73,165030073,163503556,28488,N,6,16,202003
20200107,20200106,73,165030073,163503556,28488,N,1,17,202003
20200107,20200106,73,165030073,163503775,28488,N,3,18,202003
20200107,20200106,73,165030073,163503780,28488,N,6,19,202003
20200107,20200106,73,165030073,163503857,28489,N,5,20,202003
20200107,20200106,73,165030073,163503901,28489,N,6,21,202003
20200107,20200106,73,165030073,163505206,28487,N,10,22,202003
20200107,20200106,73,165030073,163505206,28488,N,1,23,202003
20200107,20200106,73,165030073,163505907,28489,N,10,24,202003
20200107,20200106,73,165030073,163506007,28490,N,10,25,202003
20200107,20200106,73,165030073,163506529,28492,N,10,26,202003
20200107,20200106,73,165030073,163506630,28493,N,4,27,202003
20200107,20200106,73,165030073,163506830,28494,N,10,28,202003
20200107,20200106,73,165030073,163507531,28488,N,6,29,202003
20200107,20200106,73,165030073,163507659,28489,N,6,30,202003
20200107,20200106,73,165030073,163507784,28490,N,6,31,202003
20200107,20200106,73,165030073,163507921,28491,N,4,32,202003
20200107,20200106,73,165030073,163508737,28494,N,1,33,202003
20200107,20200106,73,165030073,163508773,28494,N,1,34,202003
20200107,20200106,73,165030073,163509824,28494,N,10,35,202003
20200107,20200106,73,165030073,163509824,28495,N,1,36,202003
20200107,20200106,73,165030073,163511548,28495,N,6,37,202003
20200107,20200106,73,165030073,163511687,28494,N,6,38,202003
20200107,20200106,73,165030073,163511800,28497,N,10,39,202003
20200107,20200106,73,165030073,163513402,28490,N,6,40,202003
20200107,20200106,73,165030073,163513523,28491,N,4,41,202003
20200107,20200106,73,165030073,163522856,28493,N,6,42,202003
20200107,20200106,73,165030073,163639906,28489,N,3,43,202003
20200107,20200106,73,165030073,170113889,28473,N,1,44,202003
20200107,20200106,73,165030073,170146102,28478,N,2,45,202003
20200107,20200106,73,165030073,170957237,28485,N,1,46,202003
20200107,20200106,73,165030073,171024416,28477,N,9,47,202003
20200107,20200106,73,165030073,171700012,28467,N,1,48,202003
20200107,20200106,73,165030073,172644895,28440,N,1,49,202003
20200107,20200106,73,165030073,172644895,28435,N,2,50,202003
20200107,20200106,73,165030073,173121673,28420,N,1,51,202003
20200107,20200106,73,165030073,173252772,28411,N,1,52,202003
20200107,20200106,73,165030073,173401793,28405,N,1,53,202003
20200107,20200106,73,165030073,174012859,28395,N,1,54,202003
20200107,20200106,73,165030073,174213196,28379,N,1,55,202003
20200107,20200106,73,165030073,174618654,28379,N,1,56,202003
20200107,20200106,73,165030073,174755306,28370,N,3,57,202003
20200107,20200106,73,165030073,174815848,28360,N,2,58,202003
20200107,20200106,73,165030073,174851361,28355,N,1,59,202003
20200107,20200106,73,165030073,175016834,28361,N,1,60,202003
20200107,20200106,73,165030073,175048277,28357,N,1,61,202003
20200107,20200106,73,165030073,175126610,28356,N,1,62,202003
20200107,20200106,73,165030073,175210221,28353,N,1,63,202003
20200107,20200106,73,165030073,175245845,28355,N,1,64,202003
20200107,20200106,73,165030073,175258573,28351,N,1,65,202003
20200107,20200106,73,165030073,175258579,28350,N,6,66,202003
20200107,20200106,73,165030073,175258581,28350,N,10,67,202003
20200107,20200106,73,165030073,175258581,28350,N,5,68,202003
20200107,20200106,73,165030073,175258583,28347,N,5,69,202003
20200107,20200106,73,165030073,175532554,28352,N,1,70,202003
20200107,20200106,73,165030073,175537735,28352,N,4,71,202003
20200107,20200106,73,165030073,175706479,28352,N,1,72,202003
20200107,20200106,73,165030073,175955606,28348,N,1,73,202003
20200107,20200106,73,165030073,180336819,28374,N,1,74,202003
20200107,20200106,73,165030073,180442460,28375,N,1,75,202003
20200107,20200106,73,165030073,180722947,28377,N,1,76,202003
20200107,20200106,73,165030073,181314141,28365,N,2,77,202003
20200107,20200106,73,165030073,183538327,28359,N,1,78,202003
20200107,20200106,73,165030073,183900377,28360,N,1,79,202003
20200107,20200106,73,165030073,183925592,28361,N,1,80,202003
20200107,20200106,73,165030073,184328110,28400,N,3,81,202003
20200107,20200106,73,165030073,184605224,28400,N,1,82,202003
20200107,20200106,73,165030073,185030606,28400,N,1,83,202003
20200107,20200106,73,165030073,185147573,28393,N,2,84,202003
20200107,20200106,73,165030073,185306820,28382,N,1,85,202003
20200107,20200106,73,165030073,191208775,28419,N,1,86,202003
20200107,20200106,73,165030073,191541135,28424,N,1,87,202003
20200107,20200106,73,165030073,191909774,28422,N,10,88,202003
20200107,20200106,73,165030073,191928847,28421,N,1,89,202003
20200107,20200106,73,165030073,192650833,28409,N,1,90,202003
20200107,20200106,73,165030073,193431816,28412,N,1,91,202003
20200107,20200106,73,165030073,194907975,28408,N,5,92,202003
20200107,20200106,73,165030073,194916129,28409,N,4,93,202003
20200107,20200106,73,165030073,195022332,28409,N,3,94,202003
20200107,20200106,73,165030073,200015928,28410,N,1,95,202003
20200107,20200106,73,165030073,200143400,28417,N,1,96,202003
20200107,20200106,73,165030073,200700064,28400,N,20,97,202003
20200107,20200106,73,165030073,201744648,28396,N,1,98,202003
20200107,20200106,73,165030073,202429135,28407,N,2,99,202003
20200107,20200106,73,165030073,202550098,28408,N,1,100,202003
20200107,20200106,73,165030073,203214025,28415,N,4,101,202003
20200107,20200106,73,165030073,203308641,28415,N,2,102,202003
20200107,20200106,73,165030073,203651699,28403,N,10,103,202003
20200107,20200106,73,165030073,203651699,28402,N,10,104,202003
20200107,20200106,73,165030073,203651699,28401,N,21,105,202003
20200107,20200106,73,165030073,203651699,28373,N,9,106,202003
20200107,20200106,73,165030073,203818102,28403,N,1,107,202003
20200107,20200106,73,165030073,204646174,28401,N,1,108,202003
20200107,20200106,73,165030073,204648516,28400,N,1,109,202003
20200107,20200106,73,165030073,205056755,28400,N,2,110,202003
20200107,20200106,73,165030073,211711561,28432,N,10,111,202003
20200107,20200106,73,165030073,212222415,28430,N,1,112,202003
20200107,20200106,73,165030073,212234499,28433,N,5,113,202003
20200107,20200106,73,165030073,212234624,28433,N,5,114,202003
20200107,20200106,73,165030073,212338308,28435,N,5,115,202003
20200107,20200106,73,165030073,212338433,28435,N,5,116,202003
20200107,20200106,73,165030073,212346395,28433,N,1,117,202003
20200107,20200106,73,165030073,212405489,28430,N,4,118,202003
20200107,20200106,73,165030073,212422899,28430,N,1,119,202003
20200107,20200106,73,165030073,213024128,28433,N,1,120,202003
20200107,20200106,73,165030073,213339644,28431,N,1,121,202003
20200107,20200106,73,165030073,213354547,28431,N,2,122,202003
20200107,20200106,73,165030073,213425205,28435,N,1,123,202003
20200107,20200106,73,165030073,213707345,28448,N,1,124,202003
20200107,20200106,73,165030073,213808938,28455,N,1,125,202003
20200107,20200106,73,165030073,213834364,28450,N,5,126,202003
20200107,20200106,73,165030073,213842527,28450,N,5,127,202003
20200107,20200106,73,165030073,214014440,28456,N,2,128,202003
20200107,20200106,73,165030073,214817780,28454,N,1,129,202003
20200107,20200106,73,165030073,215422528,28450,N,1,130,202003
20200107,20200106,73,165030073,215729875,28442,N,2,131,202003
20200107,20200106,73,165030073,220105084,28430,N,5,132,202003
20200107,20200106,73,165030073,220105247,28430,N,5,133,202003
20200107,20200106,73,165030073,220105372,28430,N,1,134,202003
20200107,20200106,73,165030073,221305245,28410,N,1,135,202003
20200107,20200106,73,165030073,221440212,28400,N,1,136,202003
20200107,20200106,73,165030073,221514052,28394,N,5,137,202003
20200107,20200106,73,165030073,221514173,28394,N,5,138,202003
20200107,20200106,73,165030073,221520847,28394,N,1,139,202003
20200107,20200106,73,165030073,221611266,28403,N,10,140,202003
20200107,20200106,73,165030073,221722421,28395,N,1,141,202003
20200107,20200106,73,165030073,223736698,28399,N,10,142,202003
20200107,20200106,73,165030073,224855418,28400,N,5,143,202003
20200107,20200106,73,165030073,225032237,28402,N,1,144,202003
20200107,20200106,73,165030073,225757083,28398,N,7,145,202003
20200107,20200106,73,165030073,230053763,28404,N,1,146,202003
20200107,20200106,73,165030073,230645171,28405,N,1,147,202003
20200107,20200106,73,165030073,231714952,28403,N,1,148,202003
20200107,20200106,73,165030073,232655277,28390,N,1,149,202003
20200107,20200106,73,165030073,232740619,28380,N,1,150,202003
20200107,20200106,73,165030073,232852871,28378,N,10,151,202003
20200107,20200106,73,165030073,233013048,28370,N,1,152,202003
20200107,20200106,73,165030073,233241673,28426,N,10,153,202003
20200107,20200106,73,165030073,233434845,28424,N,5,154,202003
20200107,20200106,73,165030073,233523311,28431,N,1,155,202003
20200107,20200106,73,165030073,233644865,28442,N,2,156,202003
20200107,20200106,73,165030073,233716216,28452,N,2,157,202003
20200107,20200106,73,165030073,233942596,28446,N,1,158,202003
20200107,20200106,73,165030073,234401562,28446,N,3,159,202003
20200107,20200106,73,165030073,234502141,28430,N,1,160,202003
20200107,20200106,73,165030073,234524360,28429,N,10,161,202003
20200107,20200106,73,165030073,234524361,28426,N,2,162,202003
20200107,20200106,73,165030073,234939864,28451,N,10,163,202003
20200107,20200106,73,165030073,235155959,28460,N,1,164,202003
20200107,20200106,73,165030073,235248611,28455,N,11,165,202003
20200107,20200106,73,165030073,235454229,28450,N,1,166,202003
20200107,20200106,73,165030073,001153116,28460,N,1,167,202003
20200107,20200106,73,165030073,001249376,28462,N,5,168,202003
20200107,20200106,73,165030073,001642757,28451,N,2,169,202003
20200107,20200106,73,165030073,002209344,28465,N,1,170,202003
20200107,20200106,73,165030073,002223060,28470,N,1,171,202003
20200107,20200106,73,165030073,002244671,28475,N,3,172,202003
20200107,20200106,73,165030073,002244671,28477,N,5,173,202003
20200107,20200106,73,165030073,002446831,28471,N,1,174,202003
20200107,20200106,73,165030073,003153186,28461,N,2,175,202003
20200107,20200106,73,165030073,003214795,28453,N,20,176,202003
20200107,20200106,73,165030073,003214795,28452,N,10,177,202003
20200107,20200106,73,165030073,003214795,28450,N,10,178,202003
20200107,20200106,73,165030073,003214795,28447,N,10,179,202003
20200107,20200106,73,165030073,003313475,28444,N,9,180,202003
20200107,20200106,73,165030073,003357290,28442,N,2,181,202003
20200107,20200106,73,165030073,004218642,28478,N,1,182,202003
20200107,20200106,73,165030073,004501175,28494,N,2,183,202003
20200107,20200106,73,165030073,004607937,28488,N,1,184,202003
20200107,20200106,73,165030073,005006323,28500,N,6,185,202003
20200107,20200106,73,165030073,005006326,28502,N,11,186,202003
20200107,20200106,73,165030073,005006326,28503,N,20,187,202003
20200107,20200106,73,165030073,005006326,28504,N,10,188,202003
20200107,20200106,73,165030073,005006326,28505,N,10,189,202003
20200107,20200106,73,165030073,005006326,28506,N,10,190,202003
20200107,20200106,73,165030073,005006326,28514,N,10,191,202003
20200107,20200106,73,165030073,005006326,28525,N,10,192,202003
20200107,20200106,73,165030073,005006326,28536,N,10,193,202003
20200107,20200106,73,165030073,005006326,28547,N,9,194,202003
20200107,20200106,73,165030073,005008798,28500,N,1,195,202003
20200107,20200106,73,165030073,005013675,28500,N,10,196,202003
20200107,20200106,73,165030073,005453496,28510,N,2,197,202003
20200107,20200106,73,165030073,005927542,28502,N,20,198,202003
20200107,20200106,73,165030073,005929823,28496,N,10,199,202003
20200107,20200106,73,165030073,005945285,28494,N,10,200,202003
20200107,20200106,73,165030073,005945697,28494,N,10,201,202003
20200107,20200106,73,165030073,005946234,28494,N,11,202,202003
20200107,20200106,73,165030073,005958262,28494,N,11,203,202003
20200107,20200106,73,165030073,005958263,28494,N,4,204,202003
20200107,20200106,73,165030073,010000071,28494,N,4,205,202003
20200107,20200106,73,165030073,010011561,28495,N,2,206,202003
20200107,20200106,73,165030073,010145492,28490,N,5,207,202003
20200107,20200106,73,165030073,010503182,28490,N,1,208,202003
20200107,20200106,73,165030073,011010030,28510,N,10,209,202003
20200107,20200106,73,165030073,012546761,28524,N,31,210,202003
20200107,20200106,73,165030073,012546765,28522,N,6,211,202003
20200107,20200106,73,165030073,012550304,28522,N,3,212,202003
20200107,20200106,73,165030073,012903886,28522,N,2,213,202003
20200107,20200106,73,165030073,013134832,28539,N,2,214,202003
20200107,20200106,73,165030073,013341335,28544,N,1,215,202003
20200107,20200106,73,165030073,014546590,28526,N,1,216,202003
20200107,20200106,73,165030073,015038288,28520,N,1,217,202003
20200107,20200106,73,165030073,020958375,28522,N,2,218,202003
20200107,20200106,73,165030073,021152390,28529,N,3,219,202003
20200107,20200106,73,165030073,022258724,28518,N,3,220,202003
20200107,20200106,73,165030073,022548143,28515,N,1,221,202003
20200107,20200106,73,165030073,030630325,28550,N,6,222,202003
20200107,20200106,73,165030073,034744967,28575,N,2,223,202003
20200107,20200106,73,165030073,041102563,28585,N,1,224,202003
20200107,20200106,73,165030073,041102565,28588,N,1,225,202003
20200107,20200106,73,165030073,041226175,28600,N,6,226,202003
20200107,20200106,73,165030073,041226300,28600,N,6,227,202003
20200107,20200106,73,165030073,041226352,28600,N,5,228,202003
20200107,20200106,73,165030073,041226429,28600,N,5,229,202003
20200107,20200106,73,165030073,041305926,28601,N,1,230,202003
20200107,20200106,73,165030073,041314542,28600,N,1,231,202003
20200107,20200106,73,165030073,042234322,28596,N,6,232,202003
20200107,20200106,73,165030073,042234450,28596,N,5,233,202003
20200107,20200106,73,165030073,042235072,28596,N,6,234,202003
20200107,20200106,73,165030073,042235573,28596,N,5,235,202003
20200107,20200106,73,165030073,043854383,28569,N,1,236,202003
20200107,20200106,73,165030073,043907043,28565,N,1,237,202003
20200107,20200106,73,165030073,044052159,28564,N,10,238,202003
20200107,20200106,73,165030073,044052159,28563,N,1,239,202003
20200107,20200106,73,165030073,045212241,28566,N,1,240,202003
20200107,20200106,73,165030073,045558286,28568,N,2,241,202003
20200107,20200106,73,165030073,045702970,28575,N,2,242,202003
20200107,20200106,73,165030073,045822147,28572,N,1,243,202003
20200107,20200106,73,165030073,045910991,28572,N,1,244,202003
20200107,20200106,73,165030073,050912697,28575,N,1,245,202003
20200107,20200106,73,165030073,051148410,28585,N,1,246,202003
20200107,20200106,73,165030073,051615961,28588,N,1,247,202003
20200107,20200106,73,165030073,053001019,28545,E,6,248,202003
20200107,20200107,73,165030073,084501051,28599,O,8,249,202003
20200107,20200107,73,165030073,084932152,28600,N,1,250,202003
20200107,20200107,73,165030073,085644145,28600,N,1,251,202003
20200107,20200107,73,165030073,090125149,28600,N,1,252,202003
20200107,20200107,73,165030073,090820541,28609,N,1,253,202003
20200107,20200107,73,165030073,091215089,28607,N,1,254,202003
20200107,20200107,73,165030073,091354874,28603,N,1,255,202003
20200107,20200107,73,165030073,092145836,28606,N,1,256,202003
20200107,20200107,73,165030073,092208481,28613,N,1,257,202003
20200107,20200107,73,165030073,092703361,28618,N,1,258,202003
20200107,20200107,73,165030073,092847497,28620,N,1,259,202003
20200107,20200107,73,165030073,092847622,28620,N,4,260,202003
20200107,20200107,73,165030073,092913477,28620,N,1,261,202003
20200107,20200107,73,165030073,092958253,28620,N,1,262,202003
20200107,20200107,73,165030073,093101514,28624,N,1,263,202003
20200107,20200107,73,165030073,093235792,28630,N,1,264,202003
20200107,20200107,73,165030073,094251309,28640,N,1,265,202003
20200107,20200107,73,165030073,094251311,28641,N,1,266,202003
20200107,20200107,73,165030073,094316322,28636,N,4,267,202003
20200107,20200107,73,165030073,094539775,28651,N,1,268,202003
20200107,20200107,73,165030073,094712172,28655,N,1,269,202003
20200107,20200107,73,165030073,095129551,28655,N,1,270,202003
20200107,20200107,73,165030073,095528746,28650,N,1,271,202003
20200107,20200107,73,165030073,095549913,28650,N,1,272,202003
20200107,20200107,73,165030073,095649289,28643,N,1,273,202003
20200107,20200107,73,165030073,095649289,28642,N,1,274,202003
20200107,20200107,73,165030073,095744657,28642,N,1,275,202003
20200107,20200107,73,165030073,095744657,28641,N,9,276,202003
20200107,20200107,73,165030073,095752208,28641,N,1,277,202003
20200107,20200107,73,165030073,100118419,28645,N,1,278,202003
20200107,20200107,73,165030073,100649296,28639,N,1,279,202003
20200107,20200107,73,165030073,100649296,28638,N,9,280,202003
20200107,20200107,73,165030073,100810202,28638,N,1,281,202003
20200107,20200107,73,165030073,101305263,28640,N,5,282,202003
20200107,20200107,73,165030073,101754951,28647,N,1,283,202003
20200107,20200107,73,165030073,101801240,28645,N,1,284,202003
20200107,20200107,73,165030073,102022259,28646,N,1,285,202003
20200107,20200107,73,165030073,102022300,28645,N,1,286,202003
20200107,20200107,73,165030073,102037847,28649,N,1,287,202003
20200107,20200107,73,165030073,102038256,28629,N,1,288,202003
20200107,20200107,73,165030073,102038256,28629,N,9,289,202003
20200107,20200107,73,165030073,102038257,28640,N,1,290,202003
20200107,20200107,73,165030073,102038266,28637,N,6,291,202003
20200107,20200107,73,165030073,102038383,28637,N,22,292,202003
20200107,20200107,73,165030073,102038387,28637,N,1,293,202003
20200107,20200107,73,165030073,102158709,28639,N,1,294,202003
20200107,20200107,73,165030073,105047130,28660,N,1,295,202003
20200107,20200107,73,165030073,110520186,28670,N,1,296,202003
20200107,20200107,73,165030073,110711939,28671,N,1,297,202003
20200107,20200107,73,165030073,110848462,28673,N,1,298,202003
20200107,20200107,73,165030073,110936342,28671,N,1,299,202003
20200107,20200107,73,165030073,111722468,28666,N,2,300,202003
20200107,20200107,73,165030073,111757425,28670,N,1,301,202003
20200107,20200107,73,165030073,113247839,28675,N,1,302,202003
20200107,20200107,73,165030073,113402093,28675,N,1,303,202003
20200107,20200107,73,165030073,113456380,28673,N,1,304,202003
20200107,20200107,73,165030073,114628014,28651,N,9,305,202003
20200107,20200107,73,165030073,114817640,28656,N,1,306,202003
20200107,20200107,73,165030073,114817640,28657,N,2,307,202003
20200107,20200107,73,165030073,114940097,28655,N,1,308,202003
20200107,20200107,73,165030073,114956330,28654,N,1,309,202003
20200107,20200107,73,165030073,115125602,28653,N,1,310,202003
20200107,20200107,73,165030073,115233420,28654,N,1,311,202003
20200107,20200107,73,165030073,120841504,28658,N,1,312,202003
20200107,20200107,73,165030073,121248254,28661,N,1,313,202003
20200107,20200107,73,165030073,121248254,28662,N,1,314,202003
20200107,20200107,73,165030073,121343176,28657,N,1,315,202003
20200107,20200107,73,165030073,121434930,28657,N,3,316,202003
20200107,20200107,73,165030073,121450118,28655,N,1,317,202003
20200107,20200107,73,165030073,122043164,28657,N,1,318,202003
20200107,20200107,73,165030073,122046417,28657,N,1,319,202003
20200107,20200107,73,165030073,123023888,28655,N,1,320,202003
20200107,20200107,73,165030073,123957812,28655,N,3,321,202003
20200107,20200107,73,165030073,132142972,28679,N,1,322,202003
20200107,20200107,73,165030073,132330218,28685,N,1,323,202003
20200107,20200107,73,165030073,132533175,28700,N,1,324,202003
20200107,20200107,73,165030073,132857758,28701,N,1,325,202003
20200107,20200107,73,165030073,133358257,28697,N,1,326,202003
20200107,20200107,73,165030073,134541628,28693,N,3,327,202003
20200107,20200107,73,165030073,135248022,28698,N,1,328,202003
20200107,20200107,73,165030073,135920641,28698,N,1,329,202003
20200107,20200107,73,165030073,135920653,28698,N,1,330,202003
20200107,20200107,73,165030073,135920693,28698,N,1,331,202003
20200107,20200107,73,165030073,135920807,28698,N,1,332,202003
20200107,20200107,73,165030073,135920862,28698,N,4,333,202003
20200107,20200107,73,165030073,135920862,28695,N,1,334,202003
20200107,20200107,73,165030073,135920862,28694,N,1,335,202003
20200107,20200107,73,165030073,140830074,28693,N,1,336,202003
20200107,20200107,73,165030073,140949689,28693,N,1,337,202003
20200107,20200107,73,165030073,142620070,28693,N,1,338,202003
20200107,20200107,73,165030073,143649855,28676,N,1,339,202003
20200107,20200107,73,165030073,144900856,28684,N,1,340,202003
20200107,20200107,73,165030073,145943610,28685,N,1,341,202003
20200107,20200107,73,165030073,150006803,28684,N,1,342,202003
20200107,20200107,73,165030073,150121780,28680,N,5,343,202003
20200107,20200107,73,165030073,150125359,28680,N,3,344,202003
20200107,20200107,73,165030073,150125360,28680,N,3,345,202003
20200107,20200107,73,165030073,150153124,28680,N,5,346,202003
20200107,20200107,73,165030073,150153443,28680,N,4,347,202003
20200107,20200107,73,165030073,150609481,28684,N,1,348,202003
20200107,20200107,73,165030073,150647147,28680,N,1,349,202003
20200107,20200107,73,165030073,151501008,28665,E,1,350,202003
20200107,20200106,73,165060073,175212811,28300,O,1,351,202006
20200108,20200107,73,165030073,163139452,28623,O,1,1,202003
20200108,20200107,73,165030073,163738276,28627,N,1,2,202003
20200108,20200107,73,165030073,163816804,28624,N,2,3,202003
20200108,20200107,73,165030073,164128112,28629,N,1,4,202003
20200108,20200107,73,165030073,164321727,28628,N,10,5,202003
20200108,20200107,73,165030073,164852418,28639,N,1,6,202003
20200108,20200107,73,165030073,164900998,28640,N,1,7,202003
20200108,20200107,73,165030073,170000177,28635,N,1,8,202003
20200108,20200107,73,165030073,170002560,28632,N,1,9,202003
20200108,20200107,73,165030073,170633850,28650,N,1,10,202003
20200108,20200107,73,165030073,170635296,28658,N,1,11,202003
20200108,20200107,73,165030073,171015288,28665,N,1,12,202003
20200108,20200107,73,165030073,174724403,28692,N,1,13,202003
20200108,20200107,73,165030073,180535700,28680,N,1,14,202003
20200108,20200107,73,165030073,185245075,28640,N,1,15,202003
20200108,20200107,73,165030073,185333137,28642,N,1,16,202003
20200108,20200107,73,165030073,185345071,28644,N,1,17,202003
20200108,20200107,73,165030073,190922072,28663,N,3,18,202003
20200108,20200107,73,165030073,192804787,28639,N,1,19,202003
20200108,20200107,73,165030073,194358273,28638,N,1,20,202003
20200108,20200107,73,165030073,194516604,28634,N,1,21,202003
20200108,20200107,73,165030073,202121213,28647,N,1,22,202003
20200108,20200107,73,165030073,202433177,28642,N,5,23,202003
20200108,20200107,73,165030073,203425435,28637,N,1,24,202003
20200108,20200107,73,165030073,213753875,28638,N,1,25,202003
20200108,20200107,73,165030073,221754155,28635,N,1,26,202003
20200108,20200107,73,165030073,222941710,28633,N,3,27,202003
20200108,20200107,73,165030073,223131716,28630,N,1,28,202003
20200108,20200107,73,165030073,223407098,28620,N,5,29,202003
20200108,20200107,73,165030073,223414969,28620,N,1,30,202003
20200108,20200107,73,165030073,224518337,28605,N,1,31,202003
20200108,20200107,73,165030073,224907130,28600,N,1,32,202003
20200108,20200107,73,165030073,225016641,28600,N,1,33,202003
20200108,20200107,73,165030073,225958523,28591,N,1,34,202003
20200108,20200107,73,165030073,230209686,28593,N,1,35,202003
20200108,20200107,73,165030073,231234137,28595,N,1,36,202003
20200108,20200107,73,165030073,231409648,28595,N,1,37,202003
20200108,20200107,73,165030073,231813278,28590,N,2,38,202003
20200108,20200107,73,165030073,232047103,28582,N,1,39,202003
20200108,20200107,73,165030073,232215260,28579,N,3,40,202003
20200108,20200107,73,165030073,232249963,28586,N,1,41,202003
20200108,20200107,73,165030073,232255010,28586,N,1,42,202003
20200108,20200107,73,165030073,232319592,28588,N,1,43,202003
20200108,20200107,73,165030073,232413189,28589,N,21,44,202003
20200108,20200107,73,165030073,232413190,28589,N,3,45,202003
20200108,20200107,73,165030073,232515441,28589,N,10,46,202003
20200108,20200107,73,165030073,232724941,28588,N,1,47,202003
20200108,20200107,73,165030073,232947636,28586,N,5,48,202003
20200108,20200107,73,165030073,232947654,28586,N,5,49,202003
20200108,20200107,73,165030073,233031495,28564,N,1,50,202003
20200108,20200107,73,165030073,233126599,28551,N,31,51,202003
20200108,20200107,73,165030073,233329690,28574,N,10,52,202003
20200108,20200107,73,165030073,233339541,28574,N,5,53,202003
20200108,20200107,73,165030073,233446647,28590,N,3,54,202003
20200108,20200107,73,165030073,233452238,28590,N,1,55,202003
20200108,20200107,73,165030073,233932897,28551,N,3,56,202003
20200108,20200107,73,165030073,234005035,28550,N,1,57,202003
20200108,20200107,73,165030073,234005049,28541,N,1,58,202003
20200108,20200107,73,165030073,234005049,28541,N,1,59,202003
20200108,20200107,73,165030073,234005050,28541,N,1,60,202003
20200108,20200107,73,165030073,234005050,28541,N,1,61,202003
20200108,20200107,73,165030073,234300530,28543,N,5,62,202003
20200108,20200107,73,165030073,234300733,28543,N,3,63,202003
20200108,20200107,73,165030073,234500770,28530,N,1,64,202003
20200108,20200107,73,165030073,234743569,28525,N,1,65,202003
20200108,20200107,73,165030073,234807854,28514,N,3,66,202003
20200108,20200107,73,165030073,234919216,28535,N,1,67,202003
20200108,20200107,73,165030073,000007277,28565,N,1,68,202003
20200108,20200107,73,165030073,000614289,28557,N,6,69,202003
20200108,20200107,73,165030073,001907713,28571,N,2,70,202003
20200108,20200107,73,165030073,003224620,28540,N,15,71,202003
20200108,20200107,73,165030073,003228800,28536,N,4,72,202003
20200108,20200107,73,165030073,003253903,28539,N,10,73,202003
20200108,20200107,73,165030073,003253903,28537,N,5,74,202003
20200108,20200107,73,165030073,003403338,28539,N,3,75,202003
20200108,20200107,73,165030073,003408431,28539,N,12,76,202003
20200108,20200107,73,165030073,003448686,28547,N,15,77,202003
20200108,20200107,73,165030073,003701299,28555,N,11,78,202003
20200108,20200107,73,165030073,003701424,28555,N,4,79,202003
20200108,20200107,73,165030073,005758477,28595,N,2,80,202003
20200108,20200107,73,165030073,010023185,28606,N,1,81,202003
20200108,20200107,73,165030073,010527161,28609,N,1,82,202003
20200108,20200107,73,165030073,013138693,28608,N,2,83,202003
20200108,20200107,73,165030073,015724905,28535,N,1,84,202003
20200108,20200107,73,165030073,015724905,28531,N,1,85,202003
20200108,20200107,73,165030073,015853297,28542,N,5,86,202003
20200108,20200107,73,165030073,015943900,28533,N,5,87,202003
20200108,20200107,73,165030073,015944024,28533,N,5,88,202003
20200108,20200107,73,165030073,020756090,28546,N,1,89,202003
20200108,20200107,73,165030073,021529876,28540,N,1,90,202003
20200108,20200107,73,165030073,023144057,28532,N,1,91,202003
20200108,20200107,73,165030073,023518837,28526,N,1,92,202003
20200108,20200107,73,165030073,030413790,28540,E,1,93,202003
20200108,20200108,73,165030073,084501051,28229,O,19,94,202003
20200108,20200108,73,165030073,084501095,28200,N,1,95,202003
20200108,20200108,73,165030073,084501095,28182,N,1,96,202003
20200108,20200108,73,165030073,084501095,28181,N,1,97,202003
20200108,20200108,73,165030073,084501095,28166,N,1,98,202003
20200108,20200108,73,165030073,084501095,28150,N,2,99,202003
20200108,20200108,73,165030073,084501095,28150,N,1,100,202003
20200108,20200108,73,165030073,084501096,28150,N,1,101,202003
20200108,20200108,73,165030073,084501096,28150,N,1,102,202003
20200108,20200108,73,165030073,084501096,28150,N,1,103,202003
20200108,20200108,73,165030073,084501097,28150,N,1,104,202003
20200108,20200108,73,165030073,084501097,28150,N,1,105,202003
20200108,20200108,73,165030073,084501098,28150,N,1,106,202003
20200108,20200108,73,165030073,084501098,28150,N,1,107,202003
20200108,20200108,73,165030073,084501098,28120,N,1,108,202003
20200108,20200108,73,165030073,084501619,28122,N,1,109,202003
20200108,20200108,73,165030073,084503137,28121,N,1,110,202003
20200108,20200108,73,165030073,084503273,28211,N,2,111,202003
20200108,20200108,73,165030073,084503318,28230,N,1,112,202003
20200108,20200108,73,165030073,084504576,28121,N,9,113,202003
20200108,20200108,73,165030073,084504576,28120,N,11,114,202003
20200108,20200108,73,165030073,084526437,28109,N,3,115,202003
20200108,20200108,73,165030073,084539668,28108,N,2,116,202003
20200108,20200108,73,165030073,084552052,28109,N,1,117,202003
20200108,20200108,73,165030073,084625913,28232,N,1,118,202003
20200108,20200108,73,165030073,084652472,28222,N,1,119,202003
20200108,20200108,73,165030073,084703516,28222,N,5,120,202003
20200108,20200108,73,165030073,084731395,28222,N,10,121,202003
20200108,20200108,73,165030073,084748279,28220,N,1,122,202003
20200108,20200108,73,165030073,084757347,28220,N,9,123,202003
20200108,20200108,73,165030073,084801459,28220,N,3,124,202003
20200108,20200108,73,165030073,084820597,28221,N,1,125,202003
20200108,20200108,73,165030073,084821450,28234,N,1,126,202003
20200108,20200108,73,165030073,085000855,28230,N,1,127,202003
20200108,20200108,73,165030073,085041569,28228,N,1,128,202003
20200108,20200108,73,165030073,085054021,28234,N,5,129,202003
20200108,20200108,73,165030073,085055883,28234,N,5,130,202003
20200108,20200108,73,165030073,085056438,28257,N,6,131,202003
20200108,20200108,73,165030073,085123907,28238,N,1,132,202003
20200108,20200108,73,165030073,085225963,28238,N,1,133,202003
20200108,20200108,73,165030073,085234811,28236,N,5,134,202003
20200108,20200108,73,165030073,085316216,28232,N,1,135,202003
20200108,20200108,73,165030073,085354331,28250,N,5,136,202003
20200108,20200108,73,165030073,085354915,28250,N,5,137,202003
20200108,20200108,73,165030073,085359928,28250,N,4,138,202003
20200108,20200108,73,165030073,085419626,28250,N,1,139,202003
20200108,20200108,73,165030073,085702216,28282,N,11,140,202003
20200108,20200108,73,165030073,085702216,28283,N,9,141,202003
20200108,20200108,73,165030073,085708551,28279,N,1,142,202003
20200108,20200108,73,165030073,085918281,28253,N,1,143,202003
20200108,20200108,73,165030073,085924011,28252,N,2,144,202003
20200108,20200108,73,165030073,085958731,28249,N,1,145,202003
20200108,20200108,73,165030073,090029198,28247,N,1,146,202003
20200108,20200108,73,165030073,090031148,28244,N,2,147,202003
20200108,20200108,73,165030073,090048009,28232,N,4,148,202003
20200108,20200108,73,165030073,090048648,28233,N,1,149,202003
20200108,20200108,73,165030073,090133914,28231,N,1,150,202003
20200108,20200108,73,165030073,090216186,28233,N,1,151,202003
20200108,20200108,73,165030073,090243603,28229,N,1,152,202003
20200108,20200108,73,165030073,090243603,28230,N,1,153,202003
20200108,20200108,73,165030073,090254907,28238,N,1,154,202003
20200108,20200108,73,165030073,090254907,28239,N,1,155,202003
20200108,20200108,73,165030073,090254907,28240,N,1,156,202003
20200108,20200108,73,165030073,090254907,28241,N,1,157,202003
20200108,20200108,73,165030073,090254907,28242,N,6,158,202003
20200108,20200108,73,165030073,090409988,28238,N,1,159,202003
20200108,20200108,73,165030073,090416326,28230,N,5,160,202003
20200108,20200108,73,165030073,090416523,28230,N,3,161,202003
20200108,20200108,73,165030073,090501453,28222,N,3,162,202003
20200108,20200108,73,165030073,090747939,28222,N,1,163,202003
20200108,20200108,73,165030073,090748995,28220,N,2,164,202003
20200108,20200108,73,165030073,090918758,28220,N,1,165,202003
20200108,20200108,73,165030073,090923937,28212,N,1,166,202003
20200108,20200108,73,165030073,090923944,28212,N,1,167,202003
20200108,20200108,73,165030073,090923987,28212,N,1,168,202003
20200108,20200108,73,165030073,090925061,28210,N,1,169,202003
20200108,20200108,73,165030073,091123446,28181,N,1,170,202003
20200108,20200108,73,165030073,091123469,28181,N,1,171,202003
20200108,20200108,73,165030073,091123645,28181,N,1,172,202003
20200108,20200108,73,165030073,091203485,28167,N,1,173,202003
20200108,20200108,73,165030073,091205554,28177,N,1,174,202003
20200108,20200108,73,165030073,091349709,28178,N,2,175,202003
20200108,20200108,73,165030073,091425959,28168,N,12,176,202003
20200108,20200108,73,165030073,091426055,28169,N,1,177,202003
20200108,20200108,73,165030073,091428727,28168,N,1,178,202003
20200108,20200108,73,165030073,091437688,28168,N,5,179,202003
20200108,20200108,73,165030073,091437913,28168,N,2,180,202003
20200108,20200108,73,165030073,091454937,28160,N,1,181,202003
20200108,20200108,73,165030073,091643723,28170,N,1,182,202003
20200108,20200108,73,165030073,091754752,28163,N,1,183,202003
20200108,20200108,73,165030073,091755591,28162,N,1,184,202003
20200108,20200108,73,165030073,091816197,28165,N,1,185,202003
20200108,20200108,73,165030073,091922567,28154,N,1,186,202003
20200108,20200108,73,165030073,092020189,28171,N,1,187,202003
20200108,20200108,73,165030073,092020190,28171,N,1,188,202003
20200108,20200108,73,165030073,092020191,28171,N,1,189,202003
20200108,20200108,73,165030073,092020193,28171,N,1,190,202003
20200108,20200108,73,165030073,092306826,28167,N,1,191,202003
20200108,20200108,73,165030073,092408607,28159,N,1,192,202003
20200108,20200108,73,165030073,092434638,28156,N,1,193,202003
20200108,20200108,73,165030073,092514496,28136,N,1,194,202003
20200108,20200108,73,165030073,092615385,28137,N,1,195,202003
20200108,20200108,73,165030073,092615385,28138,N,1,196,202003
20200108,20200108,73,165030073,092615385,28139,N,7,197,202003
20200108,20200108,73,165030073,092623648,28135,N,1,198,202003
20200108,20200108,73,165030073,092626612,28137,N,1,199,202003
20200108,20200108,73,165030073,092632090,28139,N,1,200,202003
20200108,20200108,73,165030073,092632090,28140,N,1,201,202003
20200108,20200108,73,165030073,092632971,28141,N,1,202,202003
20200108,20200108,73,165030073,092633567,28142,N,1,203,202003
20200108,20200108,73,165030073,092757482,28140,N,1,204,202003
20200108,20200108,73,165030073,093004197,28125,N,1,205,202003
20200108,20200108,73,165030073,093009196,28120,N,5,206,202003
20200108,20200108,73,165030073,093009207,28120,N,6,207,202003
20200108,20200108,73,165030073,093017626,28115,N,1,208,202003
20200108,20200108,73,165030073,093021934,28111,N,1,209,202003
20200108,20200108,73,165030073,093140147,28101,N,2,210,202003
20200108,20200108,73,165030073,093140303,28101,N,1,211,202003
20200108,20200108,73,165030073,093200661,28102,N,1,212,202003
20200108,20200108,73,165030073,093200661,28101,N,1,213,202003
20200108,20200108,73,165030073,093200661,28100,N,1,214,202003
20200108,20200108,73,165030073,093220190,28098,N,1,215,202003
20200108,20200108,73,165030073,093220190,28097,N,1,216,202003
20200108,20200108,73,165030073,093245762,28099,N,3,217,202003
20200108,20200108,73,165030073,093412991,28103,N,1,218,202003
20200108,20200108,73,165030073,093542038,28118,N,2,219,202003
20200108,20200108,73,165030073,093618490,28109,N,1,220,202003
20200108,20200108,73,165030073,093625188,28103,N,1,221,202003
20200108,20200108,73,165030073,093631257,28093,N,1,222,202003
20200108,20200108,73,165030073,093644363,28100,N,1,223,202003
20200108,20200108,73,165030073,093800268,28105,N,2,224,202003
20200108,20200108,73,165030073,093800273,28105,N,6,225,202003
20200108,20200108,73,165030073,093800626,28105,N,2,226,202003
20200108,20200108,73,165030073,093911226,28094,N,1,227,202003
20200108,20200108,73,165030073,093914656,28093,N,1,228,202003
20200108,20200108,73,165030073,093924901,28090,N,1,229,202003
20200108,20200108,73,165030073,094002499,28095,N,2,230,202003
20200108,20200108,73,165030073,094013628,28086,N,1,231,202003
20200108,20200108,73,165030073,094027321,28076,N,5,232,202003
20200108,20200108,73,165030073,094101475,28068,N,1,233,202003
20200108,20200108,73,165030073,094124763,28074,N,1,234,202003
20200108,20200108,73,165030073,094147941,28079,N,1,235,202003
20200108,20200108,73,165030073,094216597,28081,N,1,236,202003
20200108,20200108,73,165030073,094238499,28080,N,1,237,202003
20200108,20200108,73,165030073,094356481,28103,N,1,238,202003
20200108,20200108,73,165030073,094451097,28104,N,1,239,202003
20200108,20200108,73,165030073,094717393,28088,N,1,240,202003
20200108,20200108,73,165030073,095253112,28126,N,5,241,202003
20200108,20200108,73,165030073,095253120,28126,N,6,242,202003
20200108,20200108,73,165030073,095253128,28126,N,1,243,202003
20200108,20200108,73,165030073,095255231,28126,N,6,244,202003
20200108,20200108,73,165030073,095300901,28126,N,6,245,202003
20200108,20200108,73,165030073,095300903,28126,N,1,246,202003
20200108,20200108,73,165030073,095301227,28124,N,4,247,202003
20200108,20200108,73,165030073,095304176,28124,N,3,248,202003
20200108,20200108,73,165030073,095321729,28118,N,1,249,202003
20200108,20200108,73,165030073,095357012,28113,N,1,250,202003
20200108,20200108,73,165030073,095437826,28123,N,1,251,202003
20200108,20200108,73,165030073,095442687,28124,N,1,252,202003
20200108,20200108,73,165030073,095442687,28125,N,2,253,202003
20200108,20200108,73,165030073,095457645,28124,N,1,254,202003
20200108,20200108,73,165030073,095526068,28149,N,1,255,202003
20200108,20200108,73,165030073,095526068,28149,N,1,256,202003
20200108,20200108,73,165030073,095532318,28147,N,1,257,202003
20200108,20200108,73,165030073,095559660,28144,N,1,258,202003
20200108,20200108,73,165030073,095657416,28140,N,1,259,202003
20200108,20200108,73,165030073,095657468,28140,N,1,260,202003
20200108,20200108,73,165030073,095657496,28140,N,1,261,202003
20200108,20200108,73,165030073,095658792,28140,N,1,262,202003
20200108,20200108,73,165030073,095658802,28140,N,1,263,202003
20200108,20200108,73,165030073,095700454,28139,N,5,264,202003
20200108,20200108,73,165030073,095702850,28139,N,5,265,202003
20200108,20200108,73,165030073,095702975,28139,N,5,266,202003
20200108,20200108,73,165030073,095703281,28139,N,1,267,202003
20200108,20200108,73,165030073,095707362,28138,N,5,268,202003
20200108,20200108,73,165030073,095708742,28138,N,5,269,202003
20200108,20200108,73,165030073,095723004,28148,N,1,270,202003
20200108,20200108,73,165030073,095723004,28149,N,1,271,202003
20200108,20200108,73,165030073,095723004,28150,N,8,272,202003
20200108,20200108,73,165030073,095729071,28144,N,1,273,202003
20200108,20200108,73,165030073,095729100,28144,N,4,274,202003
20200108,20200108,73,165030073,095732353,28143,N,1,275,202003
20200108,20200108,73,165030073,095732353,28143,N,4,276,202003
20200108,20200108,73,165030073,095739537,28148,N,1,277,202003
20200108,20200108,73,165030073,095740834,28147,N,1,278,202003
20200108,20200108,73,165030073,095741216,28146,N,1,279,202003
20200108,20200108,73,165030073,095744289,28146,N,1,280,202003
20200108,20200108,73,165030073,095744291,28145,N,5,281,202003
20200108,20200108,73,165030073,095744313,28145,N,4,282,202003
20200108,20200108,73,165030073,095834509,28155,N,1,283,202003
20200108,20200108,73,165030073,095834509,28154,N,1,284,202003
20200108,20200108,73,165030073,095835902,28150,N,1,285,202003
20200108,20200108,73,165030073,095837726,28148,N,1,286,202003
20200108,20200108,73,165030073,095838514,28146,N,1,287,202003
20200108,20200108,73,165030073,095901069,28146,N,5,288,202003
20200108,20200108,73,165030073,095909478,28149,N,5,289,202003
20200108,20200108,73,165030073,095915206,28156,N,1,290,202003
20200108,20200108,73,165030073,095949220,28159,N,1,291,202003
20200108,20200108,73,165030073,095949220,28160,N,8,292,202003
20200108,20200108,73,165030073,095954046,28153,N,1,293,202003
20200108,20200108,73,165030073,095954064,28153,N,4,294,202003
20200108,20200108,73,165030073,095957669,28158,N,1,295,202003
20200108,20200108,73,165030073,100000514,28152,N,1,296,202003
20200108,20200108,73,165030073,100000550,28152,N,4,297,202003
20200108,20200108,73,165030073,100003351,28150,N,1,298,202003
20200108,20200108,73,165030073,100004350,28148,N,1,299,202003
20200108,20200108,73,165030073,100010178,28147,N,1,300,202003
20200108,20200108,73,165030073,100012273,28145,N,1,301,202003
20200108,20200108,73,165030073,100013828,28143,N,1,302,202003
20200108,20200108,73,165030073,100013863,28143,N,1,303,202003
20200108,20200108,73,165030073,100013863,28143,N,1,304,202003
20200108,20200108,73,165030073,100019145,28141,N,1,305,202003
20200108,20200108,73,165030073,100019177,28141,N,1,306,202003
20200108,20200108,73,165030073,100021486,28142,N,1,307,202003
20200108,20200108,73,165030073,100021532,28142,N,1,308,202003
20200108,20200108,73,165030073,100026636,28138,N,1,309,202003
20200108,20200108,73,165030073,100029310,28131,N,5,310,202003
20200108,20200108,73,165030073,100030217,28131,N,1,311,202003
20200108,20200108,73,165030073,100030244,28131,N,1,312,202003
20200108,20200108,73,165030073,100030280,28131,N,1,313,202003
20200108,20200108,73,165030073,100203275,28137,N,1,314,202003
20200108,20200108,73,165030073,100219722,28145,N,1,315,202003
20200108,20200108,73,165030073,100232163,28147,N,1,316,202003
20200108,20200108,73,165030073,100246645,28149,N,1,317,202003
20200108,20200108,73,165030073,100246648,28149,N,1,318,202003
20200108,20200108,73,165030073,100246650,28149,N,3,319,202003
20200108,20200108,73,165030073,100246663,28148,N,3,320,202003
20200108,20200108,73,165030073,100310299,28156,N,1,321,202003
20200108,20200108,73,165030073,100310302,28155,N,1,322,202003
20200108,20200108,73,165030073,100312063,28154,N,1,323,202003
20200108,20200108,73,165030073,100918627,28199,N,1,324,202003
20200108,20200108,73,165030073,101013315,28178,N,1,325,202003
20200108,20200108,73,165030073,101013347,28178,N,1,326,202003
20200108,20200108,73,165030073,101237332,28162,N,1,327,202003
20200108,20200108,73,165030073,101437030,28162,N,1,328,202003
20200108,20200108,73,165030073,101437030,28163,N,1,329,202003
20200108,20200108,73,165030073,101450738,28155,N,1,330,202003
20200108,20200108,73,165030073,101450886,28158,N,1,331,202003
20200108,20200108,73,165030073,101500934,28143,N,1,332,202003
20200108,20200108,73,165030073,101510636,28154,N,1,333,202003
20200108,20200108,73,165030073,101546599,28157,N,1,334,202003
20200108,20200108,73,165030073,101633669,28163,N,1,335,202003
20200108,20200108,73,165030073,102342658,28178,N,1,336,202003
20200108,20200108,73,165030073,102342658,28179,N,1,337,202003
20200108,20200108,73,165030073,102342658,28180,N,4,338,202003
20200108,20200108,73,165030073,102441910,28174,N,1,339,202003
20200108,20200108,73,165030073,102454381,28175,N,1,340,202003
20200108,20200108,73,165030073,102514466,28176,N,1,341,202003
20200108,20200108,73,165030073,102645558,28163,N,1,342,202003
20200108,20200108,73,165030073,102849106,28161,N,2,343,202003
20200108,20200108,73,165030073,103030793,28146,N,1,344,202003
20200108,20200108,73,165030073,103246734,28160,N,1,345,202003
20200108,20200108,73,165030073,103601878,28148,N,1,346,202003
20200108,20200108,73,165030073,103636378,28150,N,1,347,202003
20200108,20200108,73,165030073,103646564,28155,N,1,348,202003
20200108,20200108,73,165030073,103658263,28157,N,1,349,202003
20200108,20200108,73,165030073,103706238,28152,N,1,350,202003
20200108,20200108,73,165030073,103706361,28152,N,1,351,202003
20200108,20200108,73,165030073,103709390,28155,N,1,352,202003
20200108,20200108,73,165030073,103937756,28161,N,1,353,202003
20200108,20200108,73,165030073,103937756,28162,N,2,354,202003
20200108,20200108,73,165030073,104008744,28200,N,1,355,202003
20200108,20200108,73,165030073,104027702,28213,N,1,356,202003
20200108,20200108,73,165030073,104027709,28213,N,1,357,202003
20200108,20200108,73,165030073,104028708,28208,N,1,358,202003
20200108,20200108,73,165030073,104226041,28237,N,5,359,202003
20200108,20200108,73,165030073,104326886,28257,N,1,360,202003
20200108,20200108,73,165030073,104326886,28256,N,1,361,202003
20200108,20200108,73,165030073,104413667,28305,N,1,362,202003
20200108,20200108,73,165030073,104418226,28311,N,1,363,202003
20200108,20200108,73,165030073,104517369,28287,N,1,364,202003
20200108,20200108,73,165030073,104517369,28288,N,1,365,202003
20200108,20200108,73,165030073,104540352,28283,N,1,366,202003
20200108,20200108,73,165030073,104614247,28274,N,1,367,202003
20200108,20200108,73,165030073,104615501,28272,N,1,368,202003
20200108,20200108,73,165030073,104615808,28270,N,1,369,202003
20200108,20200108,73,165030073,104616396,28269,N,1,370,202003
20200108,20200108,73,165030073,104642908,28269,N,1,371,202003
20200108,20200108,73,165030073,104645772,28266,N,1,372,202003
20200108,20200108,73,165030073,104656569,28263,N,1,373,202003
20200108,20200108,73,165030073,104659503,28262,N,1,374,202003
20200108,20200108,73,165030073,104706416,28260,N,1,375,202003
20200108,20200108,73,165030073,104707918,28259,N,1,376,202003
20200108,20200108,73,165030073,104709279,28258,N,1,377,202003
20200108,20200108,73,165030073,104723999,28258,N,1,378,202003
20200108,20200108,73,165030073,104734322,28258,N,1,379,202003
20200108,20200108,73,165030073,104751426,28255,N,1,380,202003
20200108,20200108,73,165030073,104817009,28254,N,1,381,202003
20200108,20200108,73,165030073,104832413,28258,N,1,382,202003
20200108,20200108,73,165030073,104842856,28251,N,5,383,202003
20200108,20200108,73,165030073,104851121,28251,N,3,384,202003
20200108,20200108,73,165030073,104852432,28248,N,1,385,202003
20200108,20200108,73,165030073,104852613,28247,N,1,386,202003
20200108,20200108,73,165030073,104852613,28247,N,1,387,202003
20200108,20200108,73,165030073,104852614,28247,N,1,388,202003
20200108,20200108,73,165030073,104852677,28247,N,1,389,202003
20200108,20200108,73,165030073,104852777,28247,N,1,390,202003
20200108,20200108,73,165030073,104853432,28247,N,1,391,202003
20200108,20200108,73,165030073,104857573,28247,N,1,392,202003
20200108,20200108,73,165030073,104857678,28246,N,1,393,202003
20200108,20200108,73,165030073,104857884,28246,N,1,394,202003
20200108,20200108,73,165030073,105015056,28261,N,1,395,202003
20200108,20200108,73,165030073,105045338,28253,N,1,396,202003
20200108,20200108,73,165030073,105049800,28249,N,1,397,202003
20200108,20200108,73,165030073,105054353,28245,N,1,398,202003
20200108,20200108,73,165030073,105100163,28232,N,1,399,202003
20200108,20200108,73,165030073,105158292,28243,N,1,400,202003
20200108,20200108,73,165030073,105159282,28240,N,1,401,202003
20200108,20200108,73,165030073,105338646,28241,N,1,402,202003
20200108,20200108,73,165030073,105341298,28240,N,5,403,202003
20200108,20200108,73,165030073,105342446,28239,N,1,404,202003
20200108,20200108,73,165030073,105434022,28256,N,1,405,202003
20200108,20200108,73,165030073,105434567,28259,N,1,406,202003
20200108,20200108,73,165030073,105434996,28259,N,1,407,202003
20200108,20200108,73,165030073,105434996,28259,N,1,408,202003
20200108,20200108,73,165030073,105435289,28260,N,1,409,202003
20200108,20200108,73,165030073,105435289,28260,N,1,410,202003
20200108,20200108,73,165030073,105435300,28260,N,1,411,202003
20200108,20200108,73,165030073,105435300,28260,N,1,412,202003
20200108,20200108,73,165030073,105556378,28260,N,1,413,202003
20200108,20200108,73,165030073,105626263,28252,N,2,414,202003
20200108,20200108,73,165030073,105721776,28248,N,1,415,202003
20200108,20200108,73,165030073,105815126,28251,N,1,416,202003
20200108,20200108,73,165030073,105816908,28246,N,1,417,202003
20200108,20200108,73,165030073,105932620,28258,N,1,418,202003
20200108,20200108,73,165030073,110013632,28255,N,1,419,202003
20200108,20200108,73,165030073,110105835,28277,N,1,420,202003
20200108,20200108,73,165030073,110118128,28275,N,1,421,202003
20200108,20200108,73,165030073,110118831,28274,N,1,422,202003
20200108,20200108,73,165030073,110119382,28273,N,1,423,202003
20200108,20200108,73,165030073,110120091,28271,N,1,424,202003
20200108,20200108,73,165030073,110245647,28296,N,1,425,202003
20200108,20200108,73,165030073,110248122,28293,N,1,426,202003
20200108,20200108,73,165030073,110248122,28293,N,1,427,202003
20200108,20200108,73,165030073,110248222,28294,N,1,428,202003
20200108,20200108,73,165030073,110248223,28294,N,1,429,202003
20200108,20200108,73,165030073,110248223,28294,N,1,430,202003
20200108,20200108,73,165030073,110248223,28294,N,1,431,202003
20200108,20200108,73,165030073,110248247,28294,N,1,432,202003
20200108,20200108,73,165030073,110300664,28295,N,1,433,202003
20200108,20200108,73,165030073,110309361,28293,N,1,434,202003
20200108,20200108,73,165030073,110313783,28289,N,1,435,202003
20200108,20200108,73,165030073,110314809,28289,N,1,436,202003
20200108,20200108,73,165030073,110314809,28289,N,1,437,202003
20200108,20200108,73,165030073,110314909,28290,N,1,438,202003
20200108,20200108,73,165030073,110322826,28310,N,1,439,202003
20200108,20200108,73,165030073,110340442,28311,N,1,440,202003
20200108,20200108,73,165030073,110402123,28306,N,1,441,202003
20200108,20200108,73,165030073,110435084,28320,N,2,442,202003
20200108,20200108,73,165030073,110440660,28342,N,1,443,202003
20200108,20200108,73,165030073,110440684,28344,N,3,444,202003
20200108,20200108,73,165030073,110458549,28352,N,1,445,202003
20200108,20200108,73,165030073,110459607,28348,N,1,446,202003
20200108,20200108,73,165030073,110500386,28347,N,1,447,202003
20200108,20200108,73,165030073,110500400,28346,N,1,448,202003
20200108,20200108,73,165030073,110501111,28345,N,1,449,202003
20200108,20200108,73,165030073,110514408,28337,N,1,450,202003
20200108,20200108,73,165030073,110514408,28338,N,1,451,202003
20200108,20200108,73,165030073,110514424,28340,N,1,452,202003
20200108,20200108,73,165030073,110514624,28341,N,1,453,202003
20200108,20200108,73,165030073,110514676,28340,N,1,454,202003
20200108,20200108,73,165030073,110514679,28340,N,1,455,202003
20200108,20200108,73,165030073,110554917,28347,N,1,456,202003
20200108,20200108,73,165030073,110555295,28345,N,1,457,202003
20200108,20200108,73,165030073,110556286,28344,N,1,458,202003
20200108,20200108,73,165030073,110557370,28343,N,1,459,202003
20200108,20200108,73,165030073,110611214,28344,N,1,460,202003
20200108,20200108,73,165030073,110611472,28341,N,1,461,202003
20200108,20200108,73,165030073,110623354,28340,N,2,462,202003
20200108,20200108,73,165030073,110623354,28340,N,1,463,202003
20200108,20200108,73,165030073,110625781,28340,N,1,464,202003
20200108,20200108,73,165030073,110630293,28347,N,1,465,202003
20200108,20200108,73,165030073,110632447,28328,N,4,466,202003
20200108,20200108,73,165030073,110638516,28340,N,1,467,202003
20200108,20200108,73,165030073,110751388,28328,N,11,468,202003
20200108,20200108,73,165030073,110751388,28327,N,4,469,202003
20200108,20200108,73,165030073,110958848,28331,N,1,470,202003
20200108,20200108,73,165030073,111000932,28329,N,1,471,202003
20200108,20200108,73,165030073,111001966,28328,N,1,472,202003
20200108,20200108,73,165030073,111008049,28328,N,1,473,202003
20200108,20200108,73,165030073,111018521,28326,N,1,474,202003
20200108,20200108,73,165030073,111018527,28327,N,1,475,202003
20200108,20200108,73,165030073,111018527,28328,N,1,476,202003
20200108,20200108,73,165030073,111018527,28329,N,1,477,202003
20200108,20200108,73,165030073,111552043,28356,N,1,478,202003
20200108,20200108,73,165030073,111603945,28358,N,1,479,202003
20200108,20200108,73,165030073,111603945,28359,N,10,480,202003
20200108,20200108,73,165030073,111603945,28360,N,19,481,202003
20200108,20200108,73,165030073,111603949,28360,N,1,482,202003
20200108,20200108,73,165030073,111613084,28357,N,1,483,202003
20200108,20200108,73,165030073,111627599,28351,N,5,484,202003
20200108,20200108,73,165030073,111629351,28348,N,4,485,202003
20200108,20200108,73,165030073,111743425,28345,N,3,486,202003
20200108,20200108,73,165030073,111856880,28348,N,1,487,202003
20200108,20200108,73,165030073,111856881,28348,N,2,488,202003
20200108,20200108,73,165030073,111856924,28348,N,2,489,202003
20200108,20200108,73,165030073,111857004,28348,N,10,490,202003
20200108,20200108,73,165030073,111928687,28343,N,3,491,202003
20200108,20200108,73,165030073,112006275,28344,N,1,492,202003
20200108,20200108,73,165030073,112006275,28345,N,11,493,202003
20200108,20200108,73,165030073,112006275,28346,N,1,494,202003
20200108,20200108,73,165030073,112006275,28347,N,10,495,202003
20200108,20200108,73,165030073,112006275,28348,N,7,496,202003
20200108,20200108,73,165030073,112137514,28331,N,1,497,202003
20200108,20200108,73,165030073,112452247,28315,N,1,498,202003
20200108,20200108,73,165030073,112806358,28312,N,1,499,202003
20200108,20200108,73,165030073,113008186,28310,N,1,500,202003
20200108,20200108,73,165030073,113044191,28309,N,1,501,202003
20200108,20200108,73,165030073,113818464,28341,N,1,502,202003
20200108,20200108,73,165030073,113825567,28353,N,1,503,202003
20200108,20200108,73,165030073,113859391,28371,N,1,504,202003
20200108,20200108,73,165030073,113859391,28371,N,1,505,202003
20200108,20200108,73,165030073,113859406,28371,N,1,506,202003
20200108,20200108,73,165030073,113907568,28364,N,1,507,202003
20200108,20200108,73,165030073,113923028,28386,N,1,508,202003
20200108,20200108,73,165030073,113923182,28387,N,1,509,202003
20200108,20200108,73,165030073,113923182,28388,N,2,510,202003
20200108,20200108,73,165030073,113923978,28384,N,1,511,202003
20200108,20200108,73,165030073,113924101,28384,N,1,512,202003
20200108,20200108,73,165030073,114104961,28399,N,1,513,202003
20200108,20200108,73,165030073,114112696,28406,N,1,514,202003
20200108,20200108,73,165030073,114112696,28407,N,1,515,202003
20200108,20200108,73,165030073,114122025,28400,N,1,516,202003
20200108,20200108,73,165030073,114122440,28399,N,5,517,202003
20200108,20200108,73,165030073,114142369,28402,N,1,518,202003
20200108,20200108,73,165030073,114213180,28393,N,1,519,202003
20200108,20200108,73,165030073,114424401,28387,N,1,520,202003
20200108,20200108,73,165030073,114642065,28411,N,1,521,202003
20200108,20200108,73,165030073,114808623,28404,N,1,522,202003
20200108,20200108,73,165030073,114954309,28442,N,2,523,202003
20200108,20200108,73,165030073,114957028,28442,N,2,524,202003
20200108,20200108,73,165030073,115033160,28424,N,1,525,202003
20200108,20200108,73,165030073,115033160,28423,N,1,526,202003
20200108,20200108,73,165030073,115038323,28427,N,2,527,202003
20200108,20200108,73,165030073,115238873,28420,N,1,528,202003
20200108,20200108,73,165030073,115313142,28421,N,1,529,202003
20200108,20200108,73,165030073,115315497,28427,N,1,530,202003
20200108,20200108,73,165030073,115315497,28428,N,1,531,202003
20200108,20200108,73,165030073,115315497,28429,N,1,532,202003
20200108,20200108,73,165030073,115445688,28428,N,1,533,202003
20200108,20200108,73,165030073,120033966,28428,N,1,534,202003
20200108,20200108,73,165030073,120053465,28430,N,2,535,202003
20200108,20200108,73,165030073,120305957,28434,N,1,536,202003
20200108,20200108,73,165030073,120336009,28436,N,2,537,202003
20200108,20200108,73,165030073,120509118,28430,N,2,538,202003
20200108,20200108,73,165030073,120547332,28423,N,1,539,202003
20200108,20200108,73,165030073,120638934,28414,N,1,540,202003
20200108,20200108,73,165030073,120638934,28412,N,1,541,202003
20200108,20200108,73,165030073,120642456,28416,N,2,542,202003
20200108,20200108,73,165030073,120646066,28416,N,2,543,202003
20200108,20200108,73,165030073,120657544,28420,N,1,544,202003
20200108,20200108,73,165030073,120903368,28422,N,5,545,202003
20200108,20200108,73,165030073,121108209,28422,N,2,546,202003
20200108,20200108,73,165030073,122039422,28409,N,1,547,202003
20200108,20200108,73,165030073,122102775,28405,N,1,548,202003
20200108,20200108,73,165030073,122327867,28416,N,1,549,202003
20200108,20200108,73,165030073,122642272,28417,N,1,550,202003
20200108,20200108,73,165030073,122703099,28404,N,1,551,202003
20200108,20200108,73,165030073,122728325,28380,N,1,552,202003
20200108,20200108,73,165030073,122728328,28380,N,1,553,202003
20200108,20200108,73,165030073,122728367,28380,N,1,554,202003
20200108,20200108,73,165030073,122728487,28380,N,1,555,202003
20200108,20200108,73,165030073,122728489,28380,N,1,556,202003
20200108,20200108,73,165030073,122732849,28383,N,1,557,202003
20200108,20200108,73,165030073,122732858,28385,N,1,558,202003
20200108,20200108,73,165030073,122812499,28348,N,1,559,202003
20200108,20200108,73,165030073,122812522,28350,N,1,560,202003
20200108,20200108,73,165030073,122812595,28346,N,3,561,202003
20200108,20200108,73,165030073,122813178,28353,N,1,562,202003
20200108,20200108,73,165030073,122813204,28354,N,1,563,202003
20200108,20200108,73,165030073,122813222,28355,N,1,564,202003
20200108,20200108,73,165030073,122813334,28356,N,1,565,202003
20200108,20200108,73,165030073,122813357,28357,N,1,566,202003
20200108,20200108,73,165030073,122813357,28358,N,1,567,202003
20200108,20200108,73,165030073,122818418,28370,N,1,568,202003
20200108,20200108,73,165030073,122822673,28376,N,1,569,202003
20200108,20200108,73,165030073,122822675,28375,N,1,570,202003
20200108,20200108,73,165030073,122822719,28374,N,1,571,202003
20200108,20200108,73,165030073,122825005,28388,N,1,572,202003
20200108,20200108,73,165030073,122826462,28385,N,1,573,202003
20200108,20200108,73,165030073,122826465,28384,N,1,574,202003
20200108,20200108,73,165030073,122847700,28390,N,1,575,202003
20200108,20200108,73,165030073,122849180,28396,N,1,576,202003
20200108,20200108,73,165030073,122941704,28382,N,1,577,202003
20200108,20200108,73,165030073,122941707,28382,N,1,578,202003
20200108,20200108,73,165030073,123052077,28339,N,1,579,202003
20200108,20200108,73,165030073,123054140,28334,N,1,580,202003
20200108,20200108,73,165030073,123301568,28346,N,1,581,202003
20200108,20200108,73,165030073,123356870,28348,N,1,582,202003
20200108,20200108,73,165030073,123440777,28333,N,1,583,202003
20200108,20200108,73,165030073,124705586,28341,N,1,584,202003
20200108,20200108,73,165030073,124705586,28342,N,13,585,202003
20200108,20200108,73,165030073,124747386,28337,N,5,586,202003
20200108,20200108,73,165030073,124803970,28337,N,5,587,202003
20200108,20200108,73,165030073,124901098,28340,N,1,588,202003
20200108,20200108,73,165030073,124918657,28337,N,1,589,202003
20200108,20200108,73,165030073,125022507,28338,N,1,590,202003
20200108,20200108,73,165030073,125119174,28342,N,1,591,202003
20200108,20200108,73,165030073,125120514,28343,N,1,592,202003
20200108,20200108,73,165030073,125120516,28344,N,1,593,202003
20200108,20200108,73,165030073,125201146,28348,N,1,594,202003
20200108,20200108,73,165030073,125209845,28349,N,1,595,202003
20200108,20200108,73,165030073,125213308,28350,N,1,596,202003
20200108,20200108,73,165030073,130031246,28354,N,1,597,202003
20200108,20200108,73,165030073,130046555,28355,N,1,598,202003
20200108,20200108,73,165030073,131028970,28374,N,1,599,202003
20200108,20200108,73,165030073,131029032,28375,N,1,600,202003
20200108,20200108,73,165030073,131508857,28363,N,3,601,202003
20200108,20200108,73,165030073,131513865,28360,N,1,602,202003
20200108,20200108,73,165030073,132957180,28351,N,2,603,202003
20200108,20200108,73,165030073,133450659,28350,N,4,604,202003
20200108,20200108,73,165030073,133825663,28349,N,1,605,202003
20200108,20200108,73,165030073,134216143,28346,N,1,606,202003
20200108,20200108,73,165030073,134942021,28347,N,1,607,202003
20200108,20200108,73,165030073,134942140,28346,N,1,608,202003
20200108,20200108,73,165030073,135330610,28346,N,1,609,202003
20200108,20200108,73,165030073,135330825,28345,N,1,610,202003
20200108,20200108,73,165030073,135724891,28332,N,1,611,202003
20200108,20200108,73,165030073,135901935,28330,N,2,612,202003
20200108,20200108,73,165030073,135916487,28330,N,1,613,202003
20200108,20200108,73,165030073,140016267,28330,N,1,614,202003
20200108,20200108,73,165030073,140017612,28330,N,2,615,202003
20200108,20200108,73,165030073,140049662,28332,N,1,616,202003
20200108,20200108,73,165030073,140052786,28332,N,1,617,202003
20200108,20200108,73,165030073,140304206,28336,N,1,618,202003
20200108,20200108,73,165030073,140559151,28327,N,1,619,202003
20200108,20200108,73,165030073,141900853,28347,N,1,620,202003
20200108,20200108,73,165030073,142207335,28339,N,1,621,202003
20200108,20200108,73,165030073,142330596,28339,N,1,622,202003
20200108,20200108,73,165030073,143103647,28330,N,1,623,202003
20200108,20200108,73,165030073,143431369,28326,N,1,624,202003
20200108,20200108,73,165030073,143431369,28325,N,9,625,202003
20200108,20200108,73,165030073,143447037,28328,N,1,626,202003
20200108,20200108,73,165030073,143449842,28328,N,1,627,202003
20200108,20200108,73,165030073,143449857,28328,N,1,628,202003
20200108,20200108,73,165030073,143449878,28328,N,1,629,202003
20200108,20200108,73,165030073,143449897,28328,N,1,630,202003
20200108,20200108,73,165030073,143505024,28328,N,5,631,202003
20200108,20200108,73,165030073,143509466,28331,N,1,632,202003
20200108,20200108,73,165030073,143509467,28331,N,6,633,202003
20200108,20200108,73,165030073,143509943,28331,N,1,634,202003
20200108,20200108,73,165030073,143522626,28331,N,1,635,202003
20200108,20200108,73,165030073,143522630,28331,N,1,636,202003
20200108,20200108,73,165030073,143558422,28338,N,1,637,202003
20200108,20200108,73,165030073,143626015,28340,N,1,638,202003
20200108,20200108,73,165030073,143845792,28335,N,1,639,202003
20200108,20200108,73,165030073,143903269,28335,N,1,640,202003
20200108,20200108,73,165030073,144007404,28333,N,1,641,202003
20200108,20200108,73,165030073,144123745,28336,N,1,642,202003
20200108,20200108,73,165030073,144128242,28334,N,1,643,202003
20200108,20200108,73,165030073,144128244,28333,N,1,644,202003
20200108,20200108,73,165030073,144129510,28332,N,2,645,202003
20200108,20200108,73,165030073,144511312,28321,N,10,646,202003
20200108,20200108,73,165030073,144527608,28320,N,1,647,202003
20200108,20200108,73,165030073,144545642,28323,N,5,648,202003
20200108,20200108,73,165030073,144546142,28323,N,4,649,202003
20200108,20200108,73,165030073,144641827,28323,N,1,650,202003
20200108,20200108,73,165030073,144653612,28320,N,1,651,202003
20200108,20200108,73,165030073,144653612,28320,N,1,652,202003
20200108,20200108,73,165030073,144653697,28320,N,1,653,202003
20200108,20200108,73,165030073,144654492,28322,N,1,654,202003
20200108,20200108,73,165030073,144900880,28318,N,3,655,202003
20200108,20200108,73,165030073,145130211,28315,N,1,656,202003
20200108,20200108,73,165030073,145523018,28314,N,1,657,202003
20200108,20200108,73,165030073,145806962,28300,N,1,658,202003
20200108,20200108,73,165030073,145827949,28302,N,1,659,202003
20200108,20200108,73,165030073,145839827,28302,N,1,660,202003
20200108,20200108,73,165030073,150553740,28302,N,5,661,202003
20200108,20200108,73,165030073,151501009,28333,E,7,662,202003
20200108,20200108,73,165060073,092607831,28100,O,1,663,202006
20200108,20200108,73,165060073,093337558,28050,N,1,664,202006
20200108,20200108,73,165060073,114058329,28300,E,1,665,202006
20200109,20200108,73,165030073,163001046,28381,O,14,1,202003
20200109,20200108,73,165030073,163037764,28420,N,1,2,202003
20200109,20200108,73,165030073,163037764,28422,N,4,3,202003
20200109,20200108,73,165030073,163037764,28422,N,1,4,202003
20200109,20200108,73,165030073,163903970,28408,N,3,5,202003
20200109,20200108,73,165030073,164007025,28408,N,3,6,202003
20200109,20200108,73,165030073,165845909,28392,N,1,7,202003
20200109,20200108,73,165030073,170241670,28392,N,2,8,202003
20200109,20200108,73,165030073,170339652,28415,N,1,9,202003
20200109,20200108,73,165030073,170341996,28422,N,4,10,202003
20200109,20200108,73,165030073,170401237,28420,N,1,11,202003
20200109,20200108,73,165030073,170709674,28400,N,1,12,202003
20200109,20200108,73,165030073,170807397,28395,N,3,13,202003
20200109,20200108,73,165030073,171300657,28399,N,1,14,202003
20200109,20200108,73,165030073,173430671,28401,N,1,15,202003
20200109,20200108,73,165030073,173623114,28401,N,1,16,202003
20200109,20200108,73,165030073,173754081,28405,N,2,17,202003
20200109,20200108,73,165030073,174150940,28403,N,10,18,202003
20200109,20200108,73,165030073,174150940,28404,N,1,19,202003
20200109,20200108,73,165030073,174401732,28395,N,1,20,202003
20200109,20200108,73,165030073,180151672,28399,N,1,21,202003
20200109,20200108,73,165030073,181045411,28402,N,1,22,202003
20200109,20200108,73,165030073,181152269,28409,N,1,23,202003
20200109,20200108,73,165030073,181340309,28418,N,1,24,202003
20200109,20200108,73,165030073,182239139,28410,N,1,25,202003
20200109,20200108,73,165030073,185517898,28430,N,2,26,202003
20200109,20200108,73,165030073,190011954,28436,N,10,27,202003
20200109,20200108,73,165030073,190106661,28430,N,2,28,202003
20200109,20200108,73,165030073,190114321,28430,N,1,29,202003
20200109,20200108,73,165030073,190217901,28430,N,1,30,202003
20200109,20200108,73,165030073,191717322,28444,N,5,31,202003
20200109,20200108,73,165030073,191717348,28444,N,2,32,202003
20200109,20200108,73,165030073,191717356,28444,N,3,33,202003
20200109,20200108,73,165030073,191717358,28444,N,4,34,202003
20200109,20200108,73,165030073,191717364,28444,N,5,35,202003
20200109,20200108,73,165030073,191916149,28450,N,1,36,202003
20200109,20200108,73,165030073,192054232,28467,N,20,37,202003
20200109,20200108,73,165030073,192054232,28468,N,5,38,202003
20200109,20200108,73,165030073,192734018,28450,N,5,39,202003
20200109,20200108,73,165030073,192741899,28450,N,1,40,202003
20200109,20200108,73,165030073,192741968,28450,N,1,41,202003
20200109,20200108,73,165030073,192743544,28450,N,10,42,202003
20200109,20200108,73,165030073,192826323,28450,N,1,43,202003
20200109,20200108,73,165030073,192856980,28450,N,1,44,202003
20200109,20200108,73,165030073,194323219,28458,N,1,45,202003
20200109,20200108,73,165030073,194531107,28470,N,1,46,202003
20200109,20200108,73,165030073,195314498,28471,N,1,47,202003
20200109,20200108,73,165030073,195414292,28470,N,1,48,202003
20200109,20200108,73,165030073,195600061,28499,N,1,49,202003
20200109,20200108,73,165030073,195600061,28500,N,5,50,202003
20200109,20200108,73,165030073,195600061,28500,N,8,51,202003
20200109,20200108,73,165030073,195600441,28500,N,5,52,202003
20200109,20200108,73,165030073,195600463,28500,N,5,53,202003
20200109,20200108,73,165030073,195600677,28500,N,11,54,202003
20200109,20200108,73,165030073,195602127,28500,N,7,55,202003
20200109,20200108,73,165030073,195644749,28511,N,11,56,202003
20200109,20200108,73,165030073,195717161,28508,N,1,57,202003
20200109,20200108,73,165030073,195842706,28502,N,1,58,202003
20200109,20200108,73,165030073,195850368,28501,N,1,59,202003
20200109,20200108,73,165030073,200100427,28505,N,1,60,202003
20200109,20200108,73,165030073,201304125,28483,N,1,61,202003
20200109,20200108,73,165030073,201330869,28480,N,1,62,202003
20200109,20200108,73,165030073,201644844,28489,N,2,63,202003
20200109,20200108,73,165030073,201645163,28489,N,6,64,202003
20200109,20200108,73,165030073,202035177,28500,N,1,65,202003
20200109,20200108,73,165030073,202422175,28500,N,1,66,202003
20200109,20200108,73,165030073,202838151,28520,N,1,67,202003
20200109,20200108,73,165030073,203412298,28530,N,1,68,202003
20200109,20200108,73,165030073,204159937,28521,N,1,69,202003
20200109,20200108,73,165030073,204350848,28520,N,1,70,202003
20200109,20200108,73,165030073,205059175,28527,N,1,71,202003
20200109,20200108,73,165030073,205105593,28524,N,4,72,202003
20200109,20200108,73,165030073,205149899,28527,N,2,73,202003
20200109,20200108,73,165030073,205602253,28526,N,1,74,202003
20200109,20200108,73,165030073,205604768,28521,N,10,75,202003
20200109,20200108,73,165030073,205604768,28520,N,12,76,202003
20200109,20200108,73,165030073,205736552,28520,N,1,77,202003
20200109,20200108,73,165030073,205834917,28514,N,1,78,202003
20200109,20200108,73,165030073,210229732,28497,N,2,79,202003
20200109,20200108,73,165030073,211445439,28492,N,2,80,202003
20200109,20200108,73,165030073,212130060,28490,N,1,81,202003
20200109,20200108,73,165030073,212839068,28480,N,1,82,202003
20200109,20200108,73,165030073,213056724,28480,N,1,83,202003
20200109,20200108,73,165030073,213705406,28482,N,1,84,202003
20200109,20200108,73,165030073,214038737,28489,N,1,85,202003
20200109,20200108,73,165030073,214102906,28495,N,3,86,202003
20200109,20200108,73,165030073,214119269,28495,N,1,87,202003
20200109,20200108,73,165030073,214422243,28495,N,1,88,202003
20200109,20200108,73,165030073,215927334,28525,N,1,89,202003
20200109,20200108,73,165030073,215927337,28525,N,1,90,202003
20200109,20200108,73,165030073,220652125,28511,N,1,91,202003
20200109,20200108,73,165030073,221441240,28511,N,1,92,202003
20200109,20200108,73,165030073,221706609,28526,N,10,93,202003
20200109,20200108,73,165030073,221907820,28539,N,1,94,202003
20200109,20200108,73,165030073,224059319,28512,N,1,95,202003
20200109,20200108,73,165030073,224759801,28503,N,2,96,202003
20200109,20200108,73,165030073,225152743,28483,N,1,97,202003
20200109,20200108,73,165030073,225350436,28469,N,1,98,202003
20200109,20200108,73,165030073,225409174,28470,N,2,99,202003
20200109,20200108,73,165030073,225503202,28471,N,1,100,202003
20200109,20200108,73,165030073,225755323,28481,N,1,101,202003
20200109,20200108,73,165030073,225956410,28482,N,1,102,202003
20200109,20200108,73,165030073,230854814,28483,N,1,103,202003
20200109,20200108,73,165030073,231134577,28481,N,1,104,202003
20200109,20200108,73,165030073,231643169,28489,N,3,105,202003
20200109,20200108,73,165030073,233002331,28483,N,1,106,202003
20200109,20200108,73,165030073,233126699,28499,N,1,107,202003
20200109,20200108,73,165030073,233207950,28520,N,1,108,202003
20200109,20200108,73,165030073,233606537,28525,N,4,109,202003
20200109,20200108,73,165030073,233954695,28525,N,10,110,202003
20200109,20200108,73,165030073,233955203,28525,N,5,111,202003
20200109,20200108,73,165030073,234110664,28560,N,2,112,202003
20200109,20200108,73,165030073,234321746,28540,N,1,113,202003
20200109,20200108,73,165030073,234333086,28534,N,2,114,202003
20200109,20200108,73,165030073,234415240,28532,N,18,115,202003
20200109,20200108,73,165030073,234529028,28538,N,1,116,202003
20200109,20200108,73,165030073,234610140,28534,N,10,117,202003
20200109,20200108,73,165030073,000159126,28556,N,1,118,202003
20200109,20200108,73,165030073,000603130,28572,N,1,119,202003
20200109,20200108,73,165030073,000617572,28572,N,3,120,202003
20200109,20200108,73,165030073,000653355,28572,N,1,121,202003
20200109,20200108,73,165030073,001257752,28580,N,1,122,202003
20200109,20200108,73,165030073,001310176,28585,N,1,123,202003
20200109,20200108,73,165030073,001608476,28594,N,1,124,202003
20200109,20200108,73,165030073,001608481,28594,N,5,125,202003
20200109,20200108,73,165030073,001836763,28573,N,5,126,202003
20200109,20200108,73,165030073,003740020,28534,N,2,127,202003
20200109,20200108,73,165030073,003830677,28534,N,1,128,202003
20200109,20200108,73,165030073,004011601,28546,N,5,129,202003
20200109,20200108,73,165030073,004012156,28546,N,5,130,202003
20200109,20200108,73,165030073,010654850,28571,N,1,131,202003
20200109,20200108,73,165030073,010707546,28573,N,4,132,202003
20200109,20200108,73,165030073,011142880,28590,N,4,133,202003
20200109,20200108,73,165030073,011252051,28591,N,1,134,202003
20200109,20200108,73,165030073,011408376,28600,N,1,135,202003
20200109,20200108,73,165030073,012902778,28600,N,1,136,202003
20200109,20200108,73,165030073,012902903,28600,N,2,137,202003
20200109,20200108,73,165030073,012903482,28600,N,1,138,202003
20200109,20200108,73,165030073,012920054,28615,N,1,139,202003
20200109,20200108,73,165030073,012954701,28634,N,1,140,202003
20200109,20200108,73,165030073,013122855,28619,N,10,141,202003
20200109,20200108,73,165030073,013122856,28619,N,3,142,202003
20200109,20200108,73,165030073,013122998,28619,N,11,143,202003
20200109,20200108,73,165030073,013123123,28619,N,11,144,202003
20200109,20200108,73,165030073,013123251,28619,N,22,145,202003
20200109,20200108,73,165030073,013123342,28619,N,5,146,202003
20200109,20200108,73,165030073,013123342,28619,N,5,147,202003
20200109,20200108,73,165030073,013123376,28619,N,8,148,202003
20200109,20200108,73,165030073,013157716,28593,N,10,149,202003
20200109,20200108,73,165030073,013729821,28655,N,1,150,202003
20200109,20200108,73,165030073,013806615,28638,N,1,151,202003
20200109,20200108,73,165030073,013822892,28663,N,1,152,202003
20200109,20200108,73,165030073,013835175,28670,N,1,153,202003
20200109,20200108,73,165030073,013845089,28671,N,1,154,202003
20200109,20200108,73,165030073,014146957,28700,N,10,155,202003
20200109,20200108,73,165030073,014147672,28700,N,10,156,202003
20200109,20200108,73,165030073,014309980,28713,N,1,157,202003
20200109,20200108,73,165030073,014309982,28720,N,1,158,202003
20200109,20200108,73,165030073,014309982,28721,N,1,159,202003
20200109,20200108,73,165030073,014338296,28720,N,1,160,202003
20200109,20200108,73,165030073,014442409,28720,N,1,161,202003
20200109,20200108,73,165030073,014848769,28721,N,1,162,202003
20200109,20200108,73,165030073,015254592,28750,N,1,163,202003
20200109,20200108,73,165030073,015254594,28750,N,1,164,202003
20200109,20200108,73,165030073,015321375,28750,N,3,165,202003
20200109,20200108,73,165030073,015552295,28740,N,3,166,202003
20200109,20200108,73,165030073,015608197,28740,N,2,167,202003
20200109,20200108,73,165030073,015608200,28740,N,16,168,202003
20200109,20200108,73,165030073,015608580,28740,N,1,169,202003
20200109,20200108,73,165030073,015610935,28740,N,2,170,202003
20200109,20200108,73,165030073,015610938,28740,N,5,171,202003
20200109,20200108,73,165030073,015611062,28740,N,1,172,202003
20200109,20200108,73,165030073,020232017,28736,N,1,173,202003
20200109,20200108,73,165030073,020301701,28732,N,1,174,202003
20200109,20200108,73,165030073,020318422,28735,N,1,175,202003
20200109,20200108,73,165030073,020438785,28738,N,1,176,202003
20200109,20200108,73,165030073,020445758,28734,N,1,177,202003
20200109,20200108,73,165030073,020621911,28730,N,3,178,202003
20200109,20200108,73,165030073,020622711,28730,N,1,179,202003
20200109,20200108,73,165030073,020624285,28730,N,1,180,202003
20200109,20200108,73,165030073,020626672,28730,N,1,181,202003
20200109,20200108,73,165030073,020635899,28730,N,5,182,202003
20200109,20200108,73,165030073,020945050,28737,N,2,183,202003
20200109,20200108,73,165030073,021318774,28720,N,1,184,202003
20200109,20200108,73,165030073,021903430,28733,N,2,185,202003
20200109,20200108,73,165030073,022858007,28747,N,1,186,202003
20200109,20200108,73,165030073,023414792,28744,N,1,187,202003
20200109,20200108,73,165030073,025057061,28741,N,3,188,202003
20200109,20200108,73,165030073,025248156,28726,N,15,189,202003
20200109,20200108,73,165030073,025827145,28741,N,2,190,202003
20200109,20200108,73,165030073,030059602,28736,N,11,191,202003
20200109,20200108,73,165030073,030059602,28735,N,4,192,202003
20200109,20200108,73,165030073,031008937,28724,N,1,193,202003
20200109,20200108,73,165030073,031102683,28715,N,5,194,202003
20200109,20200108,73,165030073,031545741,28715,N,11,195,202003
20200109,20200108,73,165030073,033105243,28728,N,1,196,202003
20200109,20200108,73,165030073,042432791,28744,N,10,197,202003
20200109,20200108,73,165030073,042822476,28735,N,3,198,202003
20200109,20200108,73,165030073,044125865,28731,N,1,199,202003
20200109,20200108,73,165030073,044157032,28736,N,1,200,202003
20200109,20200108,73,165030073,044701168,28742,N,3,201,202003
20200109,20200108,73,165030073,044704003,28745,N,1,202,202003
20200109,20200108,73,165030073,044749323,28750,N,2,203,202003
20200109,20200108,73,165030073,045157726,28751,N,1,204,202003
20200109,20200108,73,165030073,045401012,28758,N,1,205,202003
20200109,20200108,73,165030073,050501339,28775,N,1,206,202003
20200109,20200108,73,165030073,050507895,28780,N,1,207,202003
20200109,20200108,73,165030073,050711672,28777,N,1,208,202003
20200109,20200108,73,165030073,050834446,28787,N,5,209,202003
20200109,20200108,73,165030073,051108213,28781,N,1,210,202003
20200109,20200108,73,165030073,052100725,28790,N,1,211,202003
20200109,20200108,73,165030073,052220761,28792,N,2,212,202003
20200109,20200108,73,165030073,052223395,28800,N,2,213,202003
20200109,20200108,73,165030073,052244227,28800,N,2,214,202003
20200109,20200108,73,165030073,052332554,28800,N,1,215,202003
20200109,20200108,73,165030073,052448196,28800,N,1,216,202003
20200109,20200108,73,165030073,053001020,28789,E,4,217,202003
20200109,20200109,73,165030073,084501051,28754,O,3,218,202003
20200109,20200109,73,165030073,084527758,28776,N,4,219,202003
20200109,20200109,73,165030073,084832139,28768,N,1,220,202003
20200109,20200109,73,165030073,085045262,28755,N,10,221,202003
20200109,20200109,73,165030073,085045262,28754,N,7,222,202003
20200109,20200109,73,165030073,085117601,28753,N,5,223,202003
20200109,20200109,73,165030073,085118198,28755,N,1,224,202003
20200109,20200109,73,165030073,085227174,28755,N,7,225,202003
20200109,20200109,73,165030073,090219684,28758,N,1,226,202003
20200109,20200109,73,165030073,090231684,28755,N,1,227,202003
20200109,20200109,73,165030073,090231684,28754,N,3,228,202003
20200109,20200109,73,165030073,090453740,28764,N,1,229,202003
20200109,20200109,73,165030073,090453740,28765,N,1,230,202003
20200109,20200109,73,165030073,090453740,28766,N,1,231,202003
20200109,20200109,73,165030073,090652911,28764,N,2,232,202003
20200109,20200109,73,165030073,090934478,28767,N,2,233,202003
20200109,20200109,73,165030073,091044610,28770,N,10,234,202003
20200109,20200109,73,165030073,091048038,28776,N,1,235,202003
20200109,20200109,73,165030073,091510131,28765,N,10,236,202003
20200109,20200109,73,165030073,091933259,28775,N,1,237,202003
20200109,20200109,73,165030073,091933284,28775,N,1,238,202003
20200109,20200109,73,165030073,092032327,28768,N,1,239,202003
20200109,20200109,73,165030073,092117602,28764,N,3,240,202003
20200109,20200109,73,165030073,092322124,28750,N,2,241,202003
20200109,20200109,73,165030073,092326554,28746,N,1,242,202003
20200109,20200109,73,165030073,092816785,28751,N,1,243,202003
20200109,20200109,73,165030073,093255640,28755,N,1,244,202003
20200109,20200109,73,165030073,094729421,28764,N,1,245,202003
20200109,20200109,73,165030073,094802288,28765,N,1,246,202003
20200109,20200109,73,165030073,095700160,28765,N,1,247,202003
20200109,20200109,73,165030073,102439736,28770,N,1,248,202003
20200109,20200109,73,165030073,102506222,28772,N,1,249,202003
20200109,20200109,73,165030073,102516423,28775,N,1,250,202003
20200109,20200109,73,165030073,103113770,28767,N,5,251,202003
20200109,20200109,73,165030073,103651492,28768,N,3,252,202003
20200109,20200109,73,165030073,104602993,28778,N,11,253,202003
20200109,20200109,73,165030073,110054583,28775,N,1,254,202003
20200109,20200109,73,165030073,111522994,28770,N,1,255,202003
20200109,20200109,73,165030073,112530859,28768,N,1,256,202003
20200109,20200109,73,165030073,112546203,28770,N,1,257,202003
20200109,20200109,73,165030073,112732057,28770,N,1,258,202003
20200109,20200109,73,165030073,112732071,28770,N,6,259,202003
20200109,20200109,73,165030073,112732071,28770,N,1,260,202003
20200109,20200109,73,165030073,112732205,28770,N,5,261,202003
20200109,20200109,73,165030073,113038533,28769,N,1,262,202003
20200109,20200109,73,165030073,113429171,28774,N,1,263,202003
20200109,20200109,73,165030073,113429171,28777,N,2,264,202003
20200109,20200109,73,165030073,113736532,28771,N,1,265,202003
20200109,20200109,73,165030073,114329665,28765,N,1,266,202003
20200109,20200109,73,165030073,115022061,28760,N,1,267,202003
20200109,20200109,73,165030073,115022061,28759,N,1,268,202003
20200109,20200109,73,165030073,115543918,28764,N,1,269,202003
20200109,20200109,73,165030073,121245695,28751,N,1,270,202003
20200109,20200109,73,165030073,122116448,28733,N,6,271,202003
20200109,20200109,73,165030073,123128720,28750,N,1,272,202003
20200109,20200109,73,165030073,123128720,28751,N,1,273,202003
20200109,20200109,73,165030073,125504409,28757,N,1,274,202003
20200109,20200109,73,165030073,130240556,28761,N,1,275,202003
20200109,20200109,73,165030073,131013640,28760,N,1,276,202003
20200109,20200109,73,165030073,131135288,28760,N,4,277,202003
20200109,20200109,73,165030073,131956802,28756,N,1,278,202003
20200109,20200109,73,165030073,140136743,28780,N,1,279,202003
20200109,20200109,73,165030073,140227820,28787,N,11,280,202003
20200109,20200109,73,165030073,140227820,28788,N,4,281,202003
20200109,20200109,73,165030073,141744282,28785,N,1,282,202003
20200109,20200109,73,165030073,141744282,28786,N,1,283,202003
20200109,20200109,73,165030073,141904767,28789,N,1,284,202003
20200109,20200109,73,165030073,141904912,28790,N,1,285,202003
20200109,20200109,73,165030073,141905186,28790,N,1,286,202003
20200109,20200109,73,165030073,142339429,28790,N,2,287,202003
20200109,20200109,73,165030073,142400384,28790,N,1,288,202003
20200109,20200109,73,165030073,142425115,28786,N,1,289,202003
20200109,20200109,73,165030073,142512400,28789,N,1,290,202003
20200109,20200109,73,165030073,142620851,28790,N,5,291,202003
20200109,20200109,73,165030073,142620851,28790,N,2,292,202003
20200109,20200109,73,165030073,142620865,28790,N,1,293,202003
20200109,20200109,73,165030073,142620945,28790,N,1,294,202003
20200109,20200109,73,165030073,142621023,28790,N,4,295,202003
20200109,20200109,73,165030073,142632621,28790,N,1,296,202003
20200109,20200109,73,165030073,142641817,28790,N,1,297,202003
20200109,20200109,73,165030073,142719059,28790,N,1,298,202003
20200109,20200109,73,165030073,143709520,28795,N,1,299,202003
20200109,20200109,73,165030073,143710791,28795,N,1,300,202003
20200109,20200109,73,165030073,143747362,28795,N,1,301,202003
20200109,20200109,73,165030073,143747449,28795,N,10,302,202003
20200109,20200109,73,165030073,143747670,28795,N,10,303,202003
20200109,20200109,73,165030073,143906470,28795,N,2,304,202003
20200109,20200109,73,165030073,143915971,28795,N,10,305,202003
20200109,20200109,73,165030073,143922270,28795,N,1,306,202003
20200109,20200109,73,165030073,143922270,28795,N,3,307,202003
