Trade_Date,Make_Date,Index_Type,Security_Code,Time,Trade_Price,Price_Type,Trade_Volume,No,Contract_Month
20191101,20191031,73,164120073,164505838,27147,O,1,1,201912
20191101,20191031,73,164120073,164622243,27141,N,3,2,201912
20191101,20191031,73,164120073,170742607,27138,N,1,3,201912
20191101,20191031,73,164120073,172402641,27155,N,1,4,201912
20191101,20191031,73,164120073,172713506,27150,N,1,5,201912
20191101,20191031,73,164120073,173658030,27133,N,5,6,201912
20191101,20191031,73,164120073,175348487,27141,N,1,7,201912
20191101,20191031,73,164120073,180453711,27142,N,10,8,201912
20191101,20191031,73,164120073,180453714,27138,N,10,9,201912
20191101,20191031,73,164120073,180453714,27137,N,2,10,201912
20191101,20191031,73,164120073,180455792,27100,N,2,11,201912
20191101,20191031,73,164120073,180456000,27080,N,1,12,201912
20191101,20191031,73,164120073,180500669,27077,N,1,13,201912
20191101,20191031,73,164120073,180519247,27062,N,4,14,201912
20191101,20191031,73,164120073,180538767,27063,N,10,15,201912
20191101,20191031,73,164120073,180538770,27056,N,4,16,201912
20191101,20191031,73,164120073,180541826,27067,N,10,17,201912
20191101,20191031,73,164120073,180559842,27072,N,10,18,201912
20191101,20191031,73,164120073,180607850,27081,N,10,19,201912
20191101,20191031,73,164120073,180616875,27090,N,10,20,201912
20191101,20191031,73,164120073,182021685,27040,N,1,21,201912
20191101,20191031,73,164120073,182021688,27033,N,1,22,201912
20191101,20191031,73,164120073,182021688,27031,N,1,23,201912
20191101,20191031,73,164120073,182208580,27038,N,1,24,201912
20191101,20191031,73,164120073,182307276,27043,N,1,25,201912
20191101,20191031,73,164120073,182307276,27039,N,1,26,201912
20191101,20191031,73,164120073,182515017,27043,N,1,27,201912
20191101,20191031,73,164120073,183743253,27043,N,1,28,201912
20191101,20191031,73,164120073,184311016,27042,N,1,29,201912
20191101,20191031,73,164120073,184311331,27036,N,1,30,201912
20191101,20191031,73,164120073,184314635,27037,N,10,31,201912
20191101,20191031,73,164120073,184456439,27018,N,1,32,201912
20191101,20191031,73,164120073,184721745,27015,N,1,33,201912
20191101,20191031,73,164120073,185934397,27023,N,1,34,201912
20191101,20191031,73,164120073,190057955,27020,N,2,35,201912
20191101,20191031,73,164120073,191305947,27023,N,1,36,201912
20191101,20191031,73,164120073,192303454,27030,N,2,37,201912
20191101,20191031,73,164120073,192752106,27028,N,2,38,201912
20191101,20191031,73,164120073,193221456,27040,N,1,39,201912
20191101,20191031,73,164120073,195521063,27039,N,1,40,201912
20191101,20191031,73,164120073,195802532,27039,N,10,41,201912
20191101,20191031,73,164120073,195828030,27042,N,10,42,201912
20191101,20191031,73,164120073,201714426,27036,N,1,43,201912
20191101,20191031,73,164120073,201812144,27036,N,2,44,201912
20191101,20191031,73,164120073,201906793,27036,N,2,45,201912
20191101,20191031,73,164120073,203342643,27025,N,5,46,201912
20191101,20191031,73,164120073,204903801,27021,N,5,47,201912
20191101,20191031,73,164120073,205223445,27030,N,3,48,201912
20191101,20191031,73,164120073,210317293,27035,N,1,49,201912
20191101,20191031,73,164120073,211504196,27055,N,1,50,201912
20191101,20191031,73,164120073,211526673,27055,N,1,51,201912
20191101,20191031,73,164120073,211721064,27063,N,10,52,201912
20191101,20191031,73,164120073,211758835,27060,N,21,53,201912
20191101,20191031,73,164120073,211800744,27059,N,11,54,201912
20191101,20191031,73,164120073,211809866,27061,N,5,55,201912
20191101,20191031,73,164120073,211838628,27062,N,1,56,201912
20191101,20191031,73,164120073,211910276,27061,N,1,57,201912
20191101,20191031,73,164120073,211956470,27063,N,1,58,201912
20191101,20191031,73,164120073,212008779,27066,N,5,59,201912
20191101,20191031,73,164120073,212053866,27066,N,11,60,201912
20191101,20191031,73,164120073,212832430,27055,N,1,61,201912
20191101,20191031,73,164120073,213008754,27041,N,1,62,201912
20191101,20191031,73,164120073,213017258,27058,N,10,63,201912
20191101,20191031,73,164120073,213038202,27055,N,1,64,201912
20191101,20191031,73,164120073,213123874,27050,N,1,65,201912
20191101,20191031,73,164120073,213147384,27053,N,2,66,201912
20191101,20191031,73,164120073,213157877,27055,N,1,67,201912
20191101,20191031,73,164120073,213322946,27051,N,3,68,201912
20191101,20191031,73,164120073,213515681,27046,N,5,69,201912
20191101,20191031,73,164120073,213558993,27061,N,1,70,201912
20191101,20191031,73,164120073,213559418,27059,N,10,71,201912
20191101,20191031,73,164120073,213600309,27065,N,1,72,201912
20191101,20191031,73,164120073,213602582,27055,N,10,73,201912
20191101,20191031,73,164120073,213733760,27074,N,1,74,201912
20191101,20191031,73,164120073,213737910,27072,N,5,75,201912
20191101,20191031,73,164120073,213853939,27078,N,5,76,201912
20191101,20191031,73,164120073,215937971,27071,N,1,77,201912
20191101,20191031,73,164120073,220521745,27060,N,1,78,201912
20191101,20191031,73,164120073,222437063,27076,N,34,79,201912
20191101,20191031,73,164120073,222440085,27090,N,11,80,201912
20191101,20191031,73,164120073,222959763,27088,N,5,81,201912
20191101,20191031,73,164120073,223113906,27069,N,6,82,201912
20191101,20191031,73,164120073,224412173,27045,N,1,83,201912
20191101,20191031,73,164120073,224507325,27040,N,1,84,201912
20191101,20191031,73,164120073,224847475,27033,N,5,85,201912
20191101,20191031,73,164120073,224947690,27030,N,1,86,201912
20191101,20191031,73,164120073,225009445,27030,N,20,87,201912
20191101,20191031,73,164120073,225107080,27030,N,1,88,201912
20191101,20191031,73,164120073,230013560,27015,N,10,89,201912
20191101,20191031,73,164120073,230025376,27009,N,4,90,201912
20191101,20191031,73,164120073,230030689,27007,N,1,91,201912
20191101,20191031,73,164120073,230228647,26993,N,1,92,201912
20191101,20191031,73,164120073,231119272,26987,N,1,93,201912
20191101,20191031,73,164120073,231119422,26980,N,1,94,201912
20191101,20191031,73,164120073,231200661,26966,N,1,95,201912
20191101,20191031,73,164120073,231328625,26956,N,1,96,201912
20191101,20191031,73,164120073,231328639,26955,N,1,97,201912
20191101,20191031,73,164120073,231328640,26951,N,1,98,201912
20191101,20191031,73,164120073,231349215,26946,N,2,99,201912
20191101,20191031,73,164120073,231441370,26951,N,3,100,201912
20191101,20191031,73,164120073,231501409,26942,N,1,101,201912
20191101,20191031,73,164120073,231619414,26960,N,1,102,201912
20191101,20191031,73,164120073,232055386,26952,N,3,103,201912
20191101,20191031,73,164120073,232147225,26953,N,3,104,201912
20191101,20191031,73,164120073,232258994,26936,N,1,105,201912
20191101,20191031,73,164120073,232600743,26921,N,1,106,201912
20191101,20191031,73,164120073,232918169,26914,N,1,107,201912
20191101,20191031,73,164120073,232918171,26907,N,1,108,201912
20191101,20191031,73,164120073,232943722,26921,N,1,109,201912
20191101,20191031,73,164120073,233114482,26889,N,1,110,201912
20191101,20191031,73,164120073,233300713,26880,N,2,111,201912
20191101,20191031,73,164120073,233508282,26870,N,1,112,201912
20191101,20191031,73,164120073,234034242,26870,N,1,113,201912
20191101,20191031,73,164120073,234518424,26890,N,1,114,201912
20191101,20191031,73,164120073,234607274,26898,N,1,115,201912
20191101,20191031,73,164120073,234705092,26896,N,1,116,201912
20191101,20191031,73,164120073,234859232,26915,N,1,117,201912
20191101,20191031,73,164120073,235205144,26912,N,30,118,201912
20191101,20191031,73,164120073,235904423,26940,N,1,119,201912
20191101,20191031,73,164120073,000035630,26925,N,1,120,201912
20191101,20191031,73,164120073,000205940,26940,N,1,121,201912
20191101,20191031,73,164120073,000528436,26939,N,10,122,201912
20191101,20191031,73,164120073,000655787,26950,N,3,123,201912
20191101,20191031,73,164120073,001219803,26938,N,1,124,201912
20191101,20191031,73,164120073,001451552,26929,N,1,125,201912
20191101,20191031,73,164120073,002908458,26922,N,1,126,201912
20191101,20191031,73,164120073,003508951,26900,N,10,127,201912
20191101,20191031,73,164120073,003517873,26895,N,1,128,201912
20191101,20191031,73,164120073,010439742,26909,N,1,129,201912
20191101,20191031,73,164120073,011208138,26896,N,1,130,201912
20191101,20191031,73,164120073,012702773,26895,N,10,131,201912
20191101,20191031,73,164120073,012702787,26894,N,10,132,201912
20191101,20191031,73,164120073,013440086,26879,N,10,133,201912
20191101,20191031,73,164120073,013440086,26877,N,1,134,201912
20191101,20191031,73,164120073,013833983,26874,N,1,135,201912
20191101,20191031,73,164120073,014740943,26840,N,1,136,201912
20191101,20191031,73,164120073,020845146,26900,N,1,137,201912
20191101,20191031,73,164120073,023209559,26890,N,1,138,201912
20191101,20191031,73,164120073,030001182,26880,N,2,139,201912
20191101,20191031,73,164120073,031722854,26860,N,1,140,201912
20191101,20191031,73,164120073,032535131,26877,N,1,141,201912
20191101,20191031,73,164120073,033450966,26877,N,1,142,201912
20191101,20191031,73,164120073,033729311,26879,N,4,143,201912
20191101,20191031,73,164120073,034011881,26859,N,1,144,201912
20191101,20191031,73,164120073,043107676,26888,N,5,145,201912
20191101,20191031,73,164120073,043107801,26888,N,10,146,201912
20191101,20191031,73,164120073,045123060,26888,N,1,147,201912
20191101,20191031,73,164120073,045400346,26917,N,21,148,201912
20191101,20191031,73,164120073,045412951,26911,N,5,149,201912
20191101,20191031,73,164120073,045522712,26920,N,5,150,201912
20191101,20191031,73,164120073,045526844,26920,N,5,151,201912
20191101,20191031,73,164120073,045916999,26958,N,1,152,201912
20191101,20191031,73,164120073,045951709,26974,N,10,153,201912
20191101,20191031,73,164120073,045952071,26988,N,1,154,201912
20191101,20191031,73,164120073,045958487,26967,N,10,155,201912
20191101,20191031,73,164120073,045959898,26969,N,5,156,201912
20191101,20191031,73,164120073,052258814,26961,E,1,157,201912
20191101,20191101,73,164120073,084501051,26950,O,1,158,201912
20191101,20191101,73,164120073,085358860,26969,N,1,159,201912
20191101,20191101,73,164120073,085525587,26969,N,1,160,201912
20191101,20191101,73,164120073,090344811,26959,N,1,161,201912
20191101,20191101,73,164120073,090610972,26964,N,1,162,201912
20191101,20191101,73,164120073,090611708,26970,N,1,163,201912
20191101,20191101,73,164120073,090647953,26975,N,1,164,201912
20191101,20191101,73,164120073,090800849,26973,N,10,165,201912
20191101,20191101,73,164120073,090801073,26973,N,5,166,201912
20191101,20191101,73,164120073,091101013,26967,N,1,167,201912
20191101,20191101,73,164120073,092740109,26960,N,10,168,201912
20191101,20191101,73,164120073,092745247,26960,N,1,169,201912
20191101,20191101,73,164120073,093020404,26961,N,1,170,201912
20191101,20191101,73,164120073,093925515,26970,N,3,171,201912
20191101,20191101,73,164120073,095223159,26986,N,2,172,201912
20191101,20191101,73,164120073,100315961,26981,N,1,173,201912
20191101,20191101,73,164120073,100339463,26981,N,22,174,201912
20191101,20191101,73,164120073,102349379,26987,N,1,175,201912
20191101,20191101,73,164120073,103412250,26989,N,1,176,201912
20191101,20191101,73,164120073,103412252,26989,N,1,177,201912
20191101,20191101,73,164120073,104016975,26991,N,1,178,201912
20191101,20191101,73,164120073,104240157,26992,N,1,179,201912
20191101,20191101,73,164120073,104504383,26995,N,1,180,201912
20191101,20191101,73,164120073,104504384,26999,N,10,181,201912
20191101,20191101,73,164120073,104504502,27000,N,2,182,201912
20191101,20191101,73,164120073,104616051,27023,N,4,183,201912
20191101,20191101,73,164120073,104616051,27027,N,2,184,201912
20191101,20191101,73,164120073,104747418,27021,N,1,185,201912
20191101,20191101,73,164120073,105349556,27022,N,1,186,201912
20191101,20191101,73,164120073,105502815,27029,N,1,187,201912
20191101,20191101,73,164120073,111140414,27020,N,3,188,201912
20191101,20191101,73,164120073,111555258,27027,N,1,189,201912
20191101,20191101,73,164120073,112307979,27026,N,2,190,201912
20191101,20191101,73,164120073,112406743,27025,N,3,191,201912
20191101,20191101,73,164120073,120749092,27024,N,1,192,201912
20191101,20191101,73,164120073,121949224,27025,N,1,193,201912
20191101,20191101,73,164120073,123657997,27036,N,1,194,201912
20191101,20191101,73,164120073,123708015,27030,N,1,195,201912
20191101,20191101,73,164120073,133329486,27024,N,1,196,201912
20191101,20191101,73,164120073,141345314,27028,N,1,197,201912
20191101,20191101,73,164120073,143749749,27040,N,1,198,201912
20191101,20191101,73,164120073,143914982,27040,N,1,199,201912
20191101,20191101,73,164120073,144323954,27040,N,6,200,201912
20191101,20191101,73,164120073,144323954,27042,N,10,201,201912
20191101,20191101,73,164120073,145545778,27042,N,1,202,201912
20191101,20191101,73,164120073,150008069,27045,N,1,203,201912
20191101,20191101,73,164120073,150133032,27043,E,1,204,201912
20191105,20191101,73,164120073,164057356,27010,O,1,1,201912
20191105,20191101,73,164120073,170610641,27024,N,10,2,201912
20191105,20191101,73,164120073,170610641,27025,N,10,3,201912
20191105,20191101,73,164120073,170802249,27030,N,1,4,201912
20191105,20191101,73,164120073,173205135,27002,N,1,5,201912
20191105,20191101,73,164120073,173238910,27002,N,2,6,201912
20191105,20191101,73,164120073,174502788,27013,N,1,7,201912
20191105,20191101,73,164120073,181521654,27015,N,2,8,201912
20191105,20191101,73,164120073,182239775,27020,N,1,9,201912
20191105,20191101,73,164120073,182947099,27018,N,3,10,201912
20191105,20191101,73,164120073,183300002,27025,N,1,11,201912
20191105,20191101,73,164120073,190218475,27024,N,1,12,201912
20191105,20191101,73,164120073,191323116,27024,N,10,13,201912
20191105,20191101,73,164120073,192340538,27023,N,1,14,201912
20191105,20191101,73,164120073,194945803,27018,N,7,15,201912
20191105,20191101,73,164120073,194945803,27018,N,13,16,201912
20191105,20191101,73,164120073,195928573,27027,N,1,17,201912
20191105,20191101,73,164120073,195928573,27029,N,1,18,201912
20191105,20191101,73,164120073,195928573,27030,N,3,19,201912
20191105,20191101,73,164120073,202540238,27002,N,1,20,201912
20191105,20191101,73,164120073,202559032,27000,N,1,21,201912
20191105,20191101,73,164120073,204932706,27027,N,4,22,201912
20191105,20191101,73,164120073,205556303,26999,N,2,23,201912
20191105,20191101,73,164120073,211434400,27010,N,1,24,201912
20191105,20191101,73,164120073,213004904,27015,N,2,25,201912
20191105,20191101,73,164120073,213005577,27032,N,1,26,201912
20191105,20191101,73,164120073,213006176,27037,N,1,27,201912
20191105,20191101,73,164120073,213020820,27045,N,2,28,201912
20191105,20191101,73,164120073,213021865,27048,N,1,29,201912
20191105,20191101,73,164120073,213051706,27059,N,1,30,201912
20191105,20191101,73,164120073,213051706,27060,N,10,31,201912
20191105,20191101,73,164120073,213100144,27053,N,1,32,201912
20191105,20191101,73,164120073,213121979,27063,N,10,33,201912
20191105,20191101,73,164120073,213130121,27063,N,10,34,201912
20191105,20191101,73,164120073,213130243,27070,N,4,35,201912
20191105,20191101,73,164120073,213345393,27061,N,1,36,201912
20191105,20191101,73,164120073,213450523,27065,N,4,37,201912
20191105,20191101,73,164120073,213804049,27077,N,20,38,201912
20191105,20191101,73,164120073,213857895,27081,N,5,39,201912
20191105,20191101,73,164120073,213910482,27085,N,11,40,201912
20191105,20191101,73,164120073,213910482,27087,N,19,41,201912
20191105,20191101,73,164120073,214002835,27075,N,10,42,201912
20191105,20191101,73,164120073,214202260,27075,N,1,43,201912
20191105,20191101,73,164120073,214248955,27077,N,2,44,201912
20191105,20191101,73,164120073,214303484,27080,N,1,45,201912
20191105,20191101,73,164120073,214544204,27080,N,5,46,201912
20191105,20191101,73,164120073,215419783,27080,N,1,47,201912
20191105,20191101,73,164120073,215501993,27079,N,1,48,201912
20191105,20191101,73,164120073,220024416,27084,N,1,49,201912
20191105,20191101,73,164120073,220038194,27085,N,1,50,201912
20191105,20191101,73,164120073,220331141,27084,N,5,51,201912
20191105,20191101,73,164120073,220342384,27084,N,5,52,201912
20191105,20191101,73,164120073,221811616,27086,N,10,53,201912
20191105,20191101,73,164120073,221811791,27086,N,5,54,201912
20191105,20191101,73,164120073,222421309,27090,N,4,55,201912
20191105,20191101,73,164120073,222436409,27093,N,5,56,201912
20191105,20191101,73,164120073,222520249,27100,N,4,57,201912
20191105,20191101,73,164120073,222521221,27100,N,3,58,201912
20191105,20191101,73,164120073,222551783,27101,N,4,59,201912
20191105,20191101,73,164120073,222616826,27109,N,3,60,201912
20191105,20191101,73,164120073,222628253,27110,N,3,61,201912
20191105,20191101,73,164120073,222819374,27109,N,5,62,201912
20191105,20191101,73,164120073,222846954,27112,N,5,63,201912
20191105,20191101,73,164120073,223002510,27115,N,10,64,201912
20191105,20191101,73,164120073,223021233,27121,N,8,65,201912
20191105,20191101,73,164120073,223024012,27126,N,3,66,201912
20191105,20191101,73,164120073,223159777,27107,N,3,67,201912
20191105,20191101,73,164120073,223334709,27110,N,5,68,201912
20191105,20191101,73,164120073,223344997,27110,N,7,69,201912
20191105,20191101,73,164120073,223428302,27103,N,1,70,201912
20191105,20191101,73,164120073,223706207,27121,N,1,71,201912
20191105,20191101,73,164120073,223738187,27103,N,1,72,201912
20191105,20191101,73,164120073,223815538,27110,N,1,73,201912
20191105,20191101,73,164120073,223849413,27110,N,6,74,201912
20191105,20191101,73,164120073,223914759,27110,N,1,75,201912
20191105,20191101,73,164120073,223914759,27113,N,1,76,201912
20191105,20191101,73,164120073,223931763,27113,N,1,77,201912
20191105,20191101,73,164120073,224325450,27111,N,1,78,201912
20191105,20191101,73,164120073,224440882,27110,N,5,79,201912
20191105,20191101,73,164120073,224759823,27128,N,1,80,201912
20191105,20191101,73,164120073,224853848,27120,N,1,81,201912
20191105,20191101,73,164120073,225243566,27130,N,4,82,201912
20191105,20191101,73,164120073,225406244,27142,N,1,83,201912
20191105,20191101,73,164120073,225430628,27146,N,10,84,201912
20191105,20191101,73,164120073,225505856,27145,N,1,85,201912
20191105,20191101,73,164120073,225541977,27145,N,1,86,201912
20191105,20191101,73,164120073,225910141,27126,N,1,87,201912
20191105,20191101,73,164120073,230007644,27126,N,1,88,201912
20191105,20191101,73,164120073,230009281,27111,N,2,89,201912
20191105,20191101,73,164120073,230009286,27089,N,1,90,201912
20191105,20191101,73,164120073,230123669,27150,N,11,91,201912
20191105,20191101,73,164120073,230123680,27157,N,1,92,201912
20191105,20191101,73,164120073,230123700,27157,N,1,93,201912
20191105,20191101,73,164120073,230123744,27151,N,5,94,201912
20191105,20191101,73,164120073,230226673,27157,N,1,95,201912
20191105,20191101,73,164120073,230243565,27163,N,3,96,201912
20191105,20191101,73,164120073,230258393,27168,N,3,97,201912
20191105,20191101,73,164120073,230305509,27175,N,1,98,201912
20191105,20191101,73,164120073,230306222,27177,N,1,99,201912
20191105,20191101,73,164120073,230501915,27183,N,10,100,201912
20191105,20191101,73,164120073,230502607,27177,N,7,101,201912
20191105,20191101,73,164120073,230506805,27173,N,4,102,201912
20191105,20191101,73,164120073,230540410,27197,N,20,103,201912
20191105,20191101,73,164120073,230540410,27200,N,5,104,201912
20191105,20191101,73,164120073,230540410,27201,N,2,105,201912
20191105,20191101,73,164120073,230540417,27204,N,3,106,201912
20191105,20191101,73,164120073,230540417,27205,N,3,107,201912
20191105,20191101,73,164120073,230625565,27199,N,1,108,201912
20191105,20191101,73,164120073,230756251,27183,N,1,109,201912
20191105,20191101,73,164120073,231333502,27200,N,5,110,201912
20191105,20191101,73,164120073,231405923,27196,N,2,111,201912
20191105,20191101,73,164120073,231449543,27194,N,2,112,201912
20191105,20191101,73,164120073,232238124,27188,N,10,113,201912
20191105,20191101,73,164120073,232238124,27186,N,10,114,201912
20191105,20191101,73,164120073,232238124,27185,N,1,115,201912
20191105,20191101,73,164120073,232250463,27195,N,2,116,201912
20191105,20191101,73,164120073,232254135,27196,N,1,117,201912
20191105,20191101,73,164120073,232501932,27198,N,1,118,201912
20191105,20191101,73,164120073,232506571,27200,N,1,119,201912
20191105,20191101,73,164120073,232530886,27199,N,1,120,201912
20191105,20191101,73,164120073,232647379,27189,N,1,121,201912
20191105,20191101,73,164120073,232905341,27190,N,1,122,201912
20191105,20191101,73,164120073,232953396,27191,N,2,123,201912
20191105,20191101,73,164120073,233102846,27208,N,4,124,201912
20191105,20191101,73,164120073,233258618,27213,N,20,125,201912
20191105,20191101,73,164120073,233621661,27204,N,1,126,201912
20191105,20191101,73,164120073,234026207,27218,N,9,127,201912
20191105,20191101,73,164120073,234047118,27216,N,1,128,201912
20191105,20191101,73,164120073,234239015,27225,N,1,129,201912
20191105,20191101,73,164120073,234315018,27226,N,1,130,201912
20191105,20191101,73,164120073,234537816,27227,N,1,131,201912
20191105,20191101,73,164120073,234725954,27214,N,5,132,201912
20191105,20191101,73,164120073,234805369,27210,N,1,133,201912
20191105,20191101,73,164120073,234829173,27208,N,1,134,201912
20191105,20191101,73,164120073,235252687,27210,N,4,135,201912
20191105,20191101,73,164120073,235504321,27217,N,1,136,201912
20191105,20191101,73,164120073,000002706,27219,N,1,137,201912
20191105,20191101,73,164120073,000448521,27205,N,1,138,201912
20191105,20191101,73,164120073,000448521,27203,N,3,139,201912
20191105,20191101,73,164120073,001019798,27219,N,1,140,201912
20191105,20191101,73,164120073,001344552,27219,N,1,141,201912
20191105,20191101,73,164120073,001356507,27219,N,1,142,201912
20191105,20191101,73,164120073,001429244,27220,N,1,143,201912
20191105,20191101,73,164120073,001918056,27208,N,31,144,201912
20191105,20191101,73,164120073,001918056,27207,N,9,145,201912
20191105,20191101,73,164120073,002122274,27210,N,10,146,201912
20191105,20191101,73,164120073,002407896,27215,N,1,147,201912
20191105,20191101,73,164120073,002839728,27205,N,1,148,201912
20191105,20191101,73,164120073,003249545,27205,N,1,149,201912
20191105,20191101,73,164120073,003250983,27211,N,20,150,201912
20191105,20191101,73,164120073,003406542,27211,N,1,151,201912
20191105,20191101,73,164120073,003455003,27211,N,5,152,201912
20191105,20191101,73,164120073,004121285,27220,N,1,153,201912
20191105,20191101,73,164120073,004252211,27224,N,1,154,201912
20191105,20191101,73,164120073,004558813,27232,N,5,155,201912
20191105,20191101,73,164120073,005002366,27233,N,1,156,201912
20191105,20191101,73,164120073,011009451,27216,N,1,157,201912
20191105,20191101,73,164120073,011202746,27203,N,1,158,201912
20191105,20191101,73,164120073,011645847,27190,N,15,159,201912
20191105,20191101,73,164120073,013039285,27219,N,1,160,201912
20191105,20191101,73,164120073,013331319,27216,N,1,161,201912
20191105,20191101,73,164120073,015724392,27205,N,1,162,201912
20191105,20191101,73,164120073,020022113,27200,N,1,163,201912
20191105,20191101,73,164120073,021350007,27217,N,1,164,201912
20191105,20191101,73,164120073,021439598,27218,N,1,165,201912
20191105,20191101,73,164120073,022049562,27227,N,1,166,201912
20191105,20191101,73,164120073,024500381,27229,N,1,167,201912
20191105,20191101,73,164120073,024643518,27230,N,1,168,201912
20191105,20191101,73,164120073,025432120,27229,N,1,169,201912
20191105,20191101,73,164120073,025629655,27231,N,2,170,201912
20191105,20191101,73,164120073,030555199,27215,N,3,171,201912
20191105,20191101,73,164120073,031023052,27212,N,1,172,201912
20191105,20191101,73,164120073,031713674,27207,N,1,173,201912
20191105,20191101,73,164120073,032555055,27215,N,1,174,201912
20191105,20191101,73,164120073,033217320,27230,N,5,175,201912
20191105,20191101,73,164120073,041247487,27220,N,10,176,201912
20191105,20191101,73,164120073,041247487,27221,N,16,177,201912
20191105,20191101,73,164120073,042618819,27219,N,2,178,201912
20191105,20191101,73,164120073,043527627,27236,N,1,179,201912
20191105,20191101,73,164120073,043801630,27245,N,1,180,201912
20191105,20191101,73,164120073,043943936,27250,N,7,181,201912
20191105,20191101,73,164120073,044040381,27257,N,11,182,201912
20191105,20191101,73,164120073,044040381,27258,N,9,183,201912
20191105,20191101,73,164120073,044416578,27250,N,1,184,201912
20191105,20191101,73,164120073,045118957,27241,N,11,185,201912
20191105,20191101,73,164120073,045118957,27242,N,10,186,201912
20191105,20191101,73,164120073,045130157,27242,N,19,187,201912
20191105,20191101,73,164120073,045503838,27256,N,1,188,201912
20191105,20191101,73,164120073,045737461,27251,N,11,189,201912
20191105,20191101,73,164120073,050137608,27259,N,10,190,201912
20191105,20191101,73,164120073,050205941,27260,N,1,191,201912
20191105,20191101,73,164120073,050220931,27260,N,9,192,201912
20191105,20191101,73,164120073,051823668,27260,N,1,193,201912
20191105,20191101,73,164120073,052127522,27264,N,2,194,201912
20191105,20191101,73,164120073,052305794,27270,N,5,195,201912
20191105,20191101,73,164120073,053001019,27270,E,1,196,201912
20191105,20191105,73,164120073,084501051,27433,O,23,197,201912
20191105,20191105,73,164120073,084501098,27440,N,2,198,201912
20191105,20191105,73,164120073,084501098,27470,N,1,199,201912
20191105,20191105,73,164120073,084523914,27493,N,1,200,201912
20191105,20191105,73,164120073,084659410,27491,N,2,201,201912
20191105,20191105,73,164120073,085108308,27491,N,8,202,201912
20191105,20191105,73,164120073,085108308,27492,N,2,203,201912
20191105,20191105,73,164120073,085149336,27401,N,5,204,201912
20191105,20191105,73,164120073,085200386,27401,N,10,205,201912
20191105,20191105,73,164120073,085200386,27400,N,11,206,201912
20191105,20191105,73,164120073,085200386,27399,N,10,207,201912
20191105,20191105,73,164120073,085200386,27356,N,10,208,201912
20191105,20191105,73,164120073,085200386,27355,N,10,209,201912
20191105,20191105,73,164120073,085225567,27491,N,1,210,201912
20191105,20191105,73,164120073,085905203,27438,N,11,211,201912
20191105,20191105,73,164120073,085910319,27440,N,10,212,201912
20191105,20191105,73,164120073,085911899,27440,N,10,213,201912
20191105,20191105,73,164120073,085913161,27440,N,10,214,201912
20191105,20191105,73,164120073,085916405,27439,N,10,215,201912
20191105,20191105,73,164120073,085918813,27439,N,10,216,201912
20191105,20191105,73,164120073,085922915,27439,N,11,217,201912
20191105,20191105,73,164120073,085924909,27440,N,11,218,201912
20191105,20191105,73,164120073,085931507,27438,N,11,219,201912
20191105,20191105,73,164120073,090241560,27434,N,5,220,201912
20191105,20191105,73,164120073,090305498,27431,N,5,221,201912
20191105,20191105,73,164120073,090310414,27431,N,5,222,201912
20191105,20191105,73,164120073,090525036,27430,N,5,223,201912
20191105,20191105,73,164120073,090536234,27428,N,1,224,201912
20191105,20191105,73,164120073,090700241,27424,N,5,225,201912
20191105,20191105,73,164120073,090714670,27424,N,5,226,201912
20191105,20191105,73,164120073,090728849,27424,N,10,227,201912
20191105,20191105,73,164120073,090801631,27428,N,3,228,201912
20191105,20191105,73,164120073,090931178,27435,N,1,229,201912
20191105,20191105,73,164120073,091245230,27430,N,1,230,201912
20191105,20191105,73,164120073,091437522,27432,N,1,231,201912
20191105,20191105,73,164120073,091920327,27431,N,1,232,201912
20191105,20191105,73,164120073,092050766,27436,N,4,233,201912
20191105,20191105,73,164120073,094016182,27427,N,1,234,201912
20191105,20191105,73,164120073,095754481,27395,N,10,235,201912
20191105,20191105,73,164120073,100215901,27396,N,5,236,201912
20191105,20191105,73,164120073,100433355,27399,N,5,237,201912
20191105,20191105,73,164120073,101004034,27390,N,1,238,201912
20191105,20191105,73,164120073,103409526,27389,N,1,239,201912
20191105,20191105,73,164120073,112936402,27408,N,2,240,201912
20191105,20191105,73,164120073,113324389,27417,N,1,241,201912
20191105,20191105,73,164120073,114244706,27425,N,1,242,201912
20191105,20191105,73,164120073,115405512,27422,N,1,243,201912
20191105,20191105,73,164120073,120520360,27430,N,1,244,201912
20191105,20191105,73,164120073,120952211,27433,N,1,245,201912
20191105,20191105,73,164120073,121612097,27429,N,1,246,201912
20191105,20191105,73,164120073,122834367,27426,N,5,247,201912
20191105,20191105,73,164120073,123128453,27433,N,1,248,201912
20191105,20191105,73,164120073,123408947,27420,N,4,249,201912
20191105,20191105,73,164120073,124455127,27436,N,1,250,201912
20191105,20191105,73,164120073,124654472,27442,N,3,251,201912
20191105,20191105,73,164120073,131008122,27439,N,2,252,201912
20191105,20191105,73,164120073,131407774,27438,N,1,253,201912
20191105,20191105,73,164120073,133347514,27435,N,1,254,201912
20191105,20191105,73,164120073,133358118,27433,N,1,255,201912
20191105,20191105,73,164120073,134800511,27433,N,1,256,201912
20191105,20191105,73,164120073,135711809,27425,N,1,257,201912
20191105,20191105,73,164120073,144350328,27420,N,1,258,201912
20191105,20191105,73,164120073,144723631,27418,N,1,259,201912
20191105,20191105,73,164120073,145338630,27423,N,2,260,201912
20191105,20191105,73,164120073,145419288,27424,N,1,261,201912
20191105,20191105,73,164120073,150023823,27416,N,1,262,201912
20191105,20191105,73,164120073,150033343,27418,N,1,263,201912
20191105,20191105,73,164120073,150458561,27426,N,1,264,201912
20191105,20191105,73,164120073,151501008,27435,E,3,265,201912
20191105,20191101,73,165030073,230238265,27080,O,5,266,202003
20191105,20191101,73,165030073,050640488,27230,N,1,267,202003
20191105,20191101,73,165030073,050732818,27250,N,1,268,202003
20191105,20191101,73,165030073,051702510,27249,N,1,269,202003
20191105,20191101,73,165030073,051729893,27250,N,2,270,202003
20191105,20191101,73,165030073,052021563,27249,N,1,271,202003
20191105,20191101,73,165030073,052055470,27250,E,4,272,202003
20191105,20191105,73,165030073,084957975,27301,O,1,273,202003
20191105,20191105,73,165030073,085032064,27469,N,1,274,202003
20191105,20191105,73,165030073,112940836,27301,E,1,275,202003
20191106,20191105,73,164120073,163001046,27433,O,2,1,201912
20191106,20191105,73,164120073,163314138,27415,N,1,2,201912
20191106,20191105,73,164120073,163513165,27412,N,1,3,201912
20191106,20191105,73,164120073,163608163,27420,N,1,4,201912
20191106,20191105,73,164120073,164656492,27446,N,1,5,201912
20191106,20191105,73,164120073,173257222,27422,N,11,6,201912
20191106,20191105,73,164120073,173257222,27425,N,9,7,201912
20191106,20191105,73,164120073,181118526,27444,N,1,8,201912
20191106,20191105,73,164120073,182221188,27448,N,11,9,201912
20191106,20191105,73,164120073,182221188,27449,N,4,10,201912
20191106,20191105,73,164120073,182727995,27450,N,1,11,201912
20191106,20191105,73,164120073,183751284,27450,N,1,12,201912
20191106,20191105,73,164120073,184548525,27446,N,1,13,201912
20191106,20191105,73,164120073,185402154,27445,N,1,14,201912
20191106,20191105,73,164120073,190809954,27455,N,1,15,201912
20191106,20191105,73,164120073,195254414,27455,N,2,16,201912
20191106,20191105,73,164120073,195802799,27455,N,1,17,201912
20191106,20191105,73,164120073,200717914,27430,N,3,18,201912
20191106,20191105,73,164120073,204502952,27438,N,2,19,201912
20191106,20191105,73,164120073,210909702,27445,N,1,20,201912
20191106,20191105,73,164120073,211727223,27450,N,2,21,201912
20191106,20191105,73,164120073,212940406,27445,N,5,22,201912
20191106,20191105,73,164120073,214626877,27453,N,8,23,201912
20191106,20191105,73,164120073,214626883,27453,N,1,24,201912
20191106,20191105,73,164120073,224501834,27465,N,1,25,201912
20191106,20191105,73,164120073,224712413,27460,N,1,26,201912
20191106,20191105,73,164120073,225308755,27462,N,2,27,201912
20191106,20191105,73,164120073,230137309,27472,N,1,28,201912
20191106,20191105,73,164120073,233000189,27437,N,22,29,201912
20191106,20191105,73,164120073,233102913,27413,N,11,30,201912
20191106,20191105,73,164120073,233102913,27412,N,10,31,201912
20191106,20191105,73,164120073,233102913,27403,N,9,32,201912
20191106,20191105,73,164120073,233102915,27403,N,1,33,201912
20191106,20191105,73,164120073,233102915,27382,N,10,34,201912
20191106,20191105,73,164120073,233102915,27371,N,9,35,201912
20191106,20191105,73,164120073,233746568,27418,N,1,36,201912
20191106,20191105,73,164120073,234402048,27426,N,22,37,201912
20191106,20191105,73,164120073,234409750,27428,N,33,38,201912
20191106,20191105,73,164120073,234409766,27428,N,16,39,201912
20191106,20191105,73,164120073,234409909,27428,N,1,40,201912
20191106,20191105,73,164120073,235708268,27440,N,2,41,201912
20191106,20191105,73,164120073,000057702,27472,N,10,42,201912
20191106,20191105,73,164120073,000057702,27473,N,10,43,201912
20191106,20191105,73,164120073,000057704,27475,N,1,44,201912
20191106,20191105,73,164120073,000057727,27481,N,1,45,201912
20191106,20191105,73,164120073,000133100,27480,N,1,46,201912
20191106,20191105,73,164120073,000537601,27454,N,1,47,201912
20191106,20191105,73,164120073,001730960,27402,N,1,48,201912
20191106,20191105,73,164120073,002803478,27407,N,1,49,201912
20191106,20191105,73,164120073,003349165,27413,N,1,50,201912
20191106,20191105,73,164120073,003815476,27421,N,1,51,201912
20191106,20191105,73,164120073,010749707,27421,N,1,52,201912
20191106,20191105,73,164120073,012627623,27427,N,10,53,201912
20191106,20191105,73,164120073,013012651,27420,N,1,54,201912
20191106,20191105,73,164120073,013822189,27421,N,10,55,201912
20191106,20191105,73,164120073,013822189,27422,N,2,56,201912
20191106,20191105,73,164120073,014232282,27421,N,1,57,201912
20191106,20191105,73,164120073,014903463,27408,N,1,58,201912
20191106,20191105,73,164120073,015038222,27406,N,1,59,201912
20191106,20191105,73,164120073,015143612,27407,N,1,60,201912
20191106,20191105,73,164120073,021157936,27412,N,10,61,201912
20191106,20191105,73,164120073,021158456,27412,N,10,62,201912
20191106,20191105,73,164120073,035730421,27468,N,4,63,201912
20191106,20191105,73,164120073,041021500,27473,N,2,64,201912
20191106,20191105,73,164120073,042611110,27466,N,1,65,201912
20191106,20191105,73,164120073,045412238,27469,N,10,66,201912
20191106,20191105,73,164120073,045412238,27468,N,12,67,201912
20191106,20191105,73,164120073,045554862,27473,N,10,68,201912
20191106,20191105,73,164120073,045554862,27474,N,10,69,201912
20191106,20191105,73,164120073,052428338,27448,E,1,70,201912
20191106,20191106,73,164120073,084501051,27427,O,1,71,201912
20191106,20191106,73,164120073,092529915,27409,N,1,72,201912
20191106,20191106,73,164120073,092937893,27409,N,3,73,201912
20191106,20191106,73,164120073,093416737,27405,N,1,74,201912
20191106,20191106,73,164120073,094043360,27410,N,1,75,201912
20191106,20191106,73,164120073,095522181,27400,N,5,76,201912
20191106,20191106,73,164120073,095612979,27396,N,1,77,201912
20191106,20191106,73,164120073,100819915,27390,N,1,78,201912
20191106,20191106,73,164120073,101102980,27387,N,1,79,201912
20191106,20191106,73,164120073,101828278,27387,N,1,80,201912
20191106,20191106,73,164120073,104949900,27402,N,1,81,201912
20191106,20191106,73,164120073,112252708,27391,N,1,82,201912
20191106,20191106,73,164120073,124525421,27411,N,2,83,201912
20191106,20191106,73,164120073,124805074,27410,N,3,84,201912
20191106,20191106,73,164120073,132258014,27405,N,1,85,201912
20191106,20191106,73,164120073,150900873,27420,N,1,86,201912
20191106,20191106,73,164120073,151501009,27408,E,2,87,201912
20191106,20191106,73,165030073,100934142,27302,O,1,88,202003
20191106,20191106,73,165030073,100937773,27302,E,1,89,202003
20191107,20191106,73,164120073,173128510,27440,O,1,1,201912
20191107,20191106,73,164120073,173300494,27443,N,1,2,201912
20191107,20191106,73,164120073,175204806,27448,N,6,3,201912
20191107,20191106,73,164120073,175329732,27442,N,1,4,201912
20191107,20191106,73,164120073,180231113,27433,N,1,5,201912
20191107,20191106,73,164120073,180252812,27433,N,1,6,201912
20191107,20191106,73,164120073,184712418,27408,N,3,7,201912
20191107,20191106,73,164120073,184954893,27405,N,5,8,201912
20191107,20191106,73,164120073,185025520,27403,N,1,9,201912
20191107,20191106,73,164120073,192050798,27404,N,1,10,201912
20191107,20191106,73,164120073,200645887,27416,N,1,11,201912
20191107,20191106,73,164120073,210944178,27426,N,1,12,201912
20191107,20191106,73,164120073,211529306,27433,N,1,13,201912
20191107,20191106,73,164120073,212120331,27440,N,3,14,201912
20191107,20191106,73,164120073,215555343,27448,N,1,15,201912
20191107,20191106,73,164120073,220210570,27440,N,1,16,201912
20191107,20191106,73,164120073,220225007,27439,N,1,17,201912
20191107,20191106,73,164120073,222242973,27443,N,2,18,201912
20191107,20191106,73,164120073,233103467,27417,N,3,19,201912
20191107,20191106,73,164120073,233201588,27417,N,5,20,201912
20191107,20191106,73,164120073,233606241,27378,N,1,21,201912
20191107,20191106,73,164120073,233606496,27385,N,1,22,201912
20191107,20191106,73,164120073,233913619,27379,N,1,23,201912
20191107,20191106,73,164120073,233936910,27380,N,3,24,201912
20191107,20191106,73,164120073,234809841,27389,N,1,25,201912
20191107,20191106,73,164120073,000207742,27425,N,5,26,201912
20191107,20191106,73,164120073,001105921,27419,N,1,27,201912
20191107,20191106,73,164120073,004245899,27406,N,1,28,201912
20191107,20191106,73,164120073,004456837,27411,N,1,29,201912
20191107,20191106,73,164120073,010234888,27398,N,3,30,201912
20191107,20191106,73,164120073,012549085,27418,N,1,31,201912
20191107,20191106,73,164120073,012908824,27422,N,10,32,201912
20191107,20191106,73,164120073,013052808,27427,N,10,33,201912
20191107,20191106,73,164120073,014437399,27427,N,10,34,201912
20191107,20191106,73,164120073,014443994,27443,N,10,35,201912
20191107,20191106,73,164120073,014444004,27439,N,33,36,201912
20191107,20191106,73,164120073,014448760,27389,N,11,37,201912
20191107,20191106,73,164120073,014448903,27389,N,11,38,201912
20191107,20191106,73,164120073,014514845,27358,N,11,39,201912
20191107,20191106,73,164120073,014514850,27341,N,1,40,201912
20191107,20191106,73,164120073,014514851,27340,N,1,41,201912
20191107,20191106,73,164120073,014519755,27373,N,10,42,201912
20191107,20191106,73,164120073,014520989,27378,N,10,43,201912
20191107,20191106,73,164120073,014526817,27380,N,10,44,201912
20191107,20191106,73,164120073,014604823,27404,N,10,45,201912
20191107,20191106,73,164120073,014823689,27366,N,2,46,201912
20191107,20191106,73,164120073,014823756,27365,N,22,47,201912
20191107,20191106,73,164120073,015242284,27339,N,10,48,201912
20191107,20191106,73,164120073,015242286,27338,N,10,49,201912
20191107,20191106,73,164120073,015242286,27337,N,8,50,201912
20191107,20191106,73,164120073,015242389,27333,N,22,51,201912
20191107,20191106,73,164120073,015326490,27348,N,1,52,201912
20191107,20191106,73,164120073,015435523,27342,N,10,53,201912
20191107,20191106,73,164120073,015744105,27359,N,10,54,201912
20191107,20191106,73,164120073,015833773,27363,N,1,55,201912
20191107,20191106,73,164120073,020228218,27380,N,10,56,201912
20191107,20191106,73,164120073,020228240,27395,N,11,57,201912
20191107,20191106,73,164120073,020228329,27395,N,10,58,201912
20191107,20191106,73,164120073,020228354,27395,N,10,59,201912
20191107,20191106,73,164120073,020228379,27395,N,16,60,201912
20191107,20191106,73,164120073,024001265,27387,N,1,61,201912
20191107,20191106,73,164120073,032045203,27387,N,11,62,201912
20191107,20191106,73,164120073,045737939,27402,N,1,63,201912
20191107,20191106,73,164120073,045843365,27400,E,1,64,201912
20191107,20191107,73,164120073,084501051,27414,O,1,65,201912
20191107,20191107,73,164120073,084503630,27395,N,1,66,201912
20191107,20191107,73,164120073,085007215,27417,N,11,67,201912
20191107,20191107,73,164120073,085015467,27415,N,11,68,201912
20191107,20191107,73,164120073,085018727,27417,N,11,69,201912
20191107,20191107,73,164120073,085024442,27417,N,11,70,201912
20191107,20191107,73,164120073,085025843,27417,N,11,71,201912
20191107,20191107,73,164120073,085030424,27418,N,11,72,201912
20191107,20191107,73,164120073,085036618,27416,N,11,73,201912
20191107,20191107,73,164120073,085040437,27415,N,11,74,201912
20191107,20191107,73,164120073,085041838,27416,N,4,75,201912
20191107,20191107,73,164120073,085046621,27415,N,11,76,201912
20191107,20191107,73,164120073,085054866,27419,N,11,77,201912
20191107,20191107,73,164120073,085102156,27417,N,11,78,201912
20191107,20191107,73,164120073,085200434,27411,N,1,79,201912
20191107,20191107,73,164120073,085515252,27405,N,1,80,201912
20191107,20191107,73,164120073,085819827,27400,N,2,81,201912
20191107,20191107,73,164120073,085838423,27404,N,2,82,201912
20191107,20191107,73,164120073,085842746,27405,N,2,83,201912
20191107,20191107,73,164120073,085843193,27406,N,2,84,201912
20191107,20191107,73,164120073,090708710,27408,N,2,85,201912
20191107,20191107,73,164120073,090807887,27409,N,2,86,201912
20191107,20191107,73,164120073,091241443,27408,N,4,87,201912
20191107,20191107,73,164120073,100251777,27418,N,2,88,201912
20191107,20191107,73,164120073,104303096,27410,N,1,89,201912
20191107,20191107,73,164120073,123143787,27390,N,1,90,201912
20191107,20191107,73,164120073,124818173,27399,N,10,91,201912
20191107,20191107,73,164120073,125233095,27400,N,1,92,201912
20191107,20191107,73,164120073,150058525,27415,N,2,93,201912
20191107,20191107,73,164120073,150535616,27425,N,1,94,201912
20191107,20191107,73,164120073,151501010,27435,E,1,95,201912
20191108,20191107,73,164120073,163001045,27546,O,13,1,201912
20191108,20191107,73,164120073,163001056,27550,N,1,2,201912
20191108,20191107,73,164120073,163001058,27550,N,1,3,201912
20191108,20191107,73,164120073,163001059,27550,N,1,4,201912
20191108,20191107,73,164120073,163001059,27597,N,1,5,201912
20191108,20191107,73,164120073,163001059,27600,N,1,6,201912
20191108,20191107,73,164120073,163001059,27611,N,1,7,201912
20191108,20191107,73,164120073,163001150,27625,N,1,8,201912
20191108,20191107,73,164120073,163001154,27625,N,1,9,201912
20191108,20191107,73,164120073,163001154,27650,N,2,10,201912
20191108,20191107,73,164120073,163001154,27700,N,1,11,201912
20191108,20191107,73,164120073,163001154,27710,N,1,12,201912
20191108,20191107,73,164120073,163001154,27750,N,4,13,201912
20191108,20191107,73,164120073,163001154,27783,N,1,14,201912
20191108,20191107,73,164120073,163001181,27797,N,1,15,201912
20191108,20191107,73,164120073,163002167,27700,N,1,16,201912
20191108,20191107,73,164120073,163121029,27559,N,1,17,201912
20191108,20191107,73,164120073,163147667,27559,N,10,18,201912
20191108,20191107,73,164120073,163207631,27574,N,1,19,201912
20191108,20191107,73,164120073,163221990,27583,N,10,20,201912
20191108,20191107,73,164120073,163221990,27584,N,10,21,201912
20191108,20191107,73,164120073,163257196,27566,N,10,22,201912
20191108,20191107,73,164120073,163257196,27543,N,10,23,201912
20191108,20191107,73,164120073,163257196,27532,N,10,24,201912
20191108,20191107,73,164120073,163257196,27520,N,7,25,201912
20191108,20191107,73,164120073,163351385,27578,N,1,26,201912
20191108,20191107,73,164120073,163430280,27580,N,1,27,201912
20191108,20191107,73,164120073,163502092,27583,N,11,28,201912
20191108,20191107,73,164120073,163502214,27582,N,11,29,201912
20191108,20191107,73,164120073,163503841,27581,N,10,30,201912
20191108,20191107,73,164120073,163504035,27585,N,10,31,201912
20191108,20191107,73,164120073,163511200,27583,N,10,32,201912
20191108,20191107,73,164120073,163515754,27583,N,11,33,201912
20191108,20191107,73,164120073,163517655,27582,N,11,34,201912
20191108,20191107,73,164120073,163522881,27579,N,11,35,201912
20191108,20191107,73,164120073,163523182,27580,N,11,36,201912
20191108,20191107,73,164120073,163602804,27588,N,10,37,201912
20191108,20191107,73,164120073,163616147,27590,N,10,38,201912
20191108,20191107,73,164120073,163653911,27577,N,10,39,201912
20191108,20191107,73,164120073,163822193,27586,N,11,40,201912
20191108,20191107,73,164120073,163833689,27586,N,11,41,201912
20191108,20191107,73,164120073,163856202,27581,N,1,42,201912
20191108,20191107,73,164120073,163914585,27578,N,3,43,201912
20191108,20191107,73,164120073,163921222,27578,N,9,44,201912
20191108,20191107,73,164120073,163921524,27579,N,1,45,201912
20191108,20191107,73,164120073,163930807,27583,N,3,46,201912
20191108,20191107,73,164120073,163930990,27583,N,7,47,201912
20191108,20191107,73,164120073,164338009,27580,N,1,48,201912
20191108,20191107,73,164120073,164422134,27581,N,10,49,201912
20191108,20191107,73,164120073,164547550,27564,N,1,50,201912
20191108,20191107,73,164120073,164732195,27551,N,1,51,201912
20191108,20191107,73,164120073,165713248,27544,N,1,52,201912
20191108,20191107,73,164120073,165918968,27549,N,1,53,201912
20191108,20191107,73,164120073,165919678,27554,N,2,54,201912
20191108,20191107,73,164120073,170511159,27567,N,10,55,201912
20191108,20191107,73,164120073,170511159,27568,N,2,56,201912
20191108,20191107,73,164120073,171329673,27550,N,3,57,201912
20191108,20191107,73,164120073,172112746,27546,N,1,58,201912
20191108,20191107,73,164120073,172328170,27544,N,1,59,201912
20191108,20191107,73,164120073,172333062,27534,N,1,60,201912
20191108,20191107,73,164120073,172752497,27545,N,1,61,201912
20191108,20191107,73,164120073,173047939,27551,N,1,62,201912
20191108,20191107,73,164120073,173325763,27572,N,2,63,201912
20191108,20191107,73,164120073,173332094,27572,N,1,64,201912
20191108,20191107,73,164120073,173801374,27557,N,1,65,201912
20191108,20191107,73,164120073,173929697,27554,N,1,66,201912
20191108,20191107,73,164120073,175536353,27562,N,1,67,201912
20191108,20191107,73,164120073,180237889,27569,N,1,68,201912
20191108,20191107,73,164120073,181004948,27568,N,1,69,201912
20191108,20191107,73,164120073,181015011,27561,N,2,70,201912
20191108,20191107,73,164120073,181315909,27575,N,1,71,201912
20191108,20191107,73,164120073,181402301,27576,N,10,72,201912
20191108,20191107,73,164120073,181751916,27571,N,1,73,201912
20191108,20191107,73,164120073,182512219,27573,N,1,74,201912
20191108,20191107,73,164120073,182537369,27573,N,1,75,201912
20191108,20191107,73,164120073,182713240,27574,N,2,76,201912
20191108,20191107,73,164120073,183043671,27573,N,2,77,201912
20191108,20191107,73,164120073,183917942,27574,N,10,78,201912
20191108,20191107,73,164120073,184219438,27577,N,1,79,201912
20191108,20191107,73,164120073,184259156,27577,N,1,80,201912
20191108,20191107,73,164120073,184518699,27581,N,1,81,201912
20191108,20191107,73,164120073,185121545,27583,N,1,82,201912
20191108,20191107,73,164120073,185452506,27577,N,5,83,201912
20191108,20191107,73,164120073,190503088,27580,N,5,84,201912
20191108,20191107,73,164120073,190635999,27571,N,10,85,201912
20191108,20191107,73,164120073,191214712,27575,N,2,86,201912
20191108,20191107,73,164120073,191250950,27574,N,3,87,201912
20191108,20191107,73,164120073,193955666,27571,N,1,88,201912
20191108,20191107,73,164120073,200832262,27570,N,1,89,201912
20191108,20191107,73,164120073,201035751,27571,N,5,90,201912
20191108,20191107,73,164120073,202055284,27572,N,5,91,201912
20191108,20191107,73,164120073,202556257,27577,N,3,92,201912
20191108,20191107,73,164120073,203156320,27570,N,1,93,201912
20191108,20191107,73,164120073,205541416,27561,N,1,94,201912
20191108,20191107,73,164120073,210003848,27560,N,4,95,201912
20191108,20191107,73,164120073,210431429,27555,N,1,96,201912
20191108,20191107,73,164120073,210557074,27550,N,1,97,201912
20191108,20191107,73,164120073,220357335,27560,N,1,98,201912
20191108,20191107,73,164120073,221718843,27565,N,1,99,201912
20191108,20191107,73,164120073,221742563,27571,N,20,100,201912
20191108,20191107,73,164120073,223019476,27573,N,1,101,201912
20191108,20191107,73,164120073,223022186,27572,N,2,102,201912
20191108,20191107,73,164120073,223436977,27587,N,1,103,201912
20191108,20191107,73,164120073,224423856,27578,N,1,104,201912
20191108,20191107,73,164120073,224503596,27576,N,5,105,201912
20191108,20191107,73,164120073,225020685,27560,N,20,106,201912
20191108,20191107,73,164120073,233000047,27589,N,1,107,201912
20191108,20191107,73,164120073,233028891,27600,N,1,108,201912
20191108,20191107,73,164120073,233116376,27607,N,1,109,201912
20191108,20191107,73,164120073,233257417,27616,N,1,110,201912
20191108,20191107,73,164120073,233822704,27625,N,1,111,201912
20191108,20191107,73,164120073,233834614,27627,N,1,112,201912
20191108,20191107,73,164120073,233838981,27632,N,1,113,201912
20191108,20191107,73,164120073,233850365,27620,N,1,114,201912
20191108,20191107,73,164120073,234354234,27638,N,1,115,201912
20191108,20191107,73,164120073,234833981,27636,N,1,116,201912
20191108,20191107,73,164120073,234901232,27650,N,15,117,201912
20191108,20191107,73,164120073,234901232,27652,N,10,118,201912
20191108,20191107,73,164120073,234901234,27657,N,3,119,201912
20191108,20191107,73,164120073,235412432,27654,N,2,120,201912
20191108,20191107,73,164120073,235551543,27646,N,1,121,201912
20191108,20191107,73,164120073,000001121,27655,N,1,122,201912
20191108,20191107,73,164120073,000006417,27660,N,1,123,201912
20191108,20191107,73,164120073,000035801,27658,N,1,124,201912
20191108,20191107,73,164120073,001400501,27653,N,1,125,201912
20191108,20191107,73,164120073,001557242,27652,N,1,126,201912
20191108,20191107,73,164120073,001917990,27662,N,1,127,201912
20191108,20191107,73,164120073,002012921,27657,N,1,128,201912
20191108,20191107,73,164120073,002259758,27650,N,1,129,201912
20191108,20191107,73,164120073,002304316,27650,N,1,130,201912
20191108,20191107,73,164120073,002641742,27657,N,3,131,201912
20191108,20191107,73,164120073,003232154,27669,N,1,132,201912
20191108,20191107,73,164120073,003321661,27675,N,1,133,201912
20191108,20191107,73,164120073,003702275,27672,N,1,134,201912
20191108,20191107,73,164120073,003711732,27675,N,1,135,201912
20191108,20191107,73,164120073,004131510,27680,N,1,136,201912
20191108,20191107,73,164120073,004136684,27686,N,4,137,201912
20191108,20191107,73,164120073,004205039,27687,N,1,138,201912
20191108,20191107,73,164120073,004304597,27684,N,1,139,201912
20191108,20191107,73,164120073,004553209,27687,N,1,140,201912
20191108,20191107,73,164120073,004752381,27687,N,1,141,201912
20191108,20191107,73,164120073,005407429,27691,N,1,142,201912
20191108,20191107,73,164120073,012245267,27686,N,1,143,201912
20191108,20191107,73,164120073,012333009,27683,N,10,144,201912
20191108,20191107,73,164120073,013649646,27691,N,3,145,201912
20191108,20191107,73,164120073,014715033,27674,N,1,146,201912
20191108,20191107,73,164120073,014747248,27675,N,1,147,201912
20191108,20191107,73,164120073,015400373,27661,N,1,148,201912
20191108,20191107,73,164120073,015923116,27677,N,10,149,201912
20191108,20191107,73,164120073,015923157,27678,N,11,150,201912
20191108,20191107,73,164120073,015924874,27700,N,3,151,201912
20191108,20191107,73,164120073,015925145,27714,N,2,152,201912
20191108,20191107,73,164120073,015945875,27725,N,1,153,201912
20191108,20191107,73,164120073,015958049,27729,N,1,154,201912
20191108,20191107,73,164120073,020215516,27695,N,1,155,201912
20191108,20191107,73,164120073,020430563,27693,N,1,156,201912
20191108,20191107,73,164120073,024604672,27688,N,1,157,201912
20191108,20191107,73,164120073,033148286,27689,N,2,158,201912
20191108,20191107,73,164120073,035048399,27680,N,10,159,201912
20191108,20191107,73,164120073,035048399,27679,N,10,160,201912
20191108,20191107,73,164120073,040238430,27699,N,1,161,201912
20191108,20191107,73,164120073,041328764,27699,N,1,162,201912
20191108,20191107,73,164120073,042803346,27702,N,1,163,201912
20191108,20191107,73,164120073,043421997,27690,N,1,164,201912
20191108,20191107,73,164120073,044347727,27669,N,10,165,201912
20191108,20191107,73,164120073,044416441,27631,N,10,166,201912
20191108,20191107,73,164120073,044541432,27654,N,1,167,201912
20191108,20191107,73,164120073,044946044,27637,N,10,168,201912
20191108,20191107,73,164120073,044946044,27636,N,8,169,201912
20191108,20191107,73,164120073,045622529,27647,N,2,170,201912
20191108,20191107,73,164120073,050012502,27652,N,5,171,201912
20191108,20191107,73,164120073,050440396,27658,N,1,172,201912
20191108,20191107,73,164120073,052037488,27590,N,2,173,201912
20191108,20191107,73,164120073,052038572,27600,N,1,174,201912
20191108,20191107,73,164120073,053001019,27600,E,1,175,201912
20191108,20191108,73,164120073,084501051,27667,O,15,176,201912
20191108,20191108,73,164120073,085019188,27660,N,3,177,201912
20191108,20191108,73,164120073,085343664,27660,N,1,178,201912
20191108,20191108,73,164120073,085636787,27662,N,1,179,201912
20191108,20191108,73,164120073,085743561,27665,N,1,180,201912
20191108,20191108,73,164120073,090008518,27663,N,2,181,201912
20191108,20191108,73,164120073,090657028,27657,N,1,182,201912
20191108,20191108,73,164120073,090856581,27665,N,1,183,201912
20191108,20191108,73,164120073,091537565,27682,N,6,184,201912
20191108,20191108,73,164120073,092253820,27675,N,1,185,201912
20191108,20191108,73,164120073,093729773,27655,N,10,186,201912
20191108,20191108,73,164120073,094135853,27651,N,1,187,201912
20191108,20191108,73,164120073,095734038,27642,N,1,188,201912
20191108,20191108,73,164120073,100236141,27637,N,10,189,201912
20191108,20191108,73,164120073,100236351,27637,N,10,190,201912
20191108,20191108,73,164120073,103709181,27622,N,1,191,201912
20191108,20191108,73,164120073,104231321,27620,N,1,192,201912
20191108,20191108,73,164120073,104444981,27621,N,5,193,201912
20191108,20191108,73,164120073,104444985,27621,N,5,194,201912
20191108,20191108,73,164120073,105212956,27619,N,2,195,201912
20191108,20191108,73,164120073,105220911,27621,N,1,196,201912
20191108,20191108,73,164120073,110611985,27608,N,2,197,201912
20191108,20191108,73,164120073,110815892,27611,N,1,198,201912
20191108,20191108,73,164120073,111621432,27614,N,10,199,201912
20191108,20191108,73,164120073,111835562,27614,N,1,200,201912
20191108,20191108,73,164120073,111852676,27613,N,2,201,201912
20191108,20191108,73,164120073,111930003,27612,N,3,202,201912
20191108,20191108,73,164120073,112048763,27606,N,2,203,201912
20191108,20191108,73,164120073,112120451,27603,N,1,204,201912
20191108,20191108,73,164120073,112226217,27600,N,3,205,201912
20191108,20191108,73,164120073,112257276,27596,N,1,206,201912
20191108,20191108,73,164120073,112308332,27598,N,3,207,201912
20191108,20191108,73,164120073,112311414,27600,N,1,208,201912
20191108,20191108,73,164120073,112532991,27607,N,1,209,201912
20191108,20191108,73,164120073,112533105,27614,N,1,210,201912
20191108,20191108,73,164120073,113113638,27608,N,1,211,201912
20191108,20191108,73,164120073,113416151,27614,N,1,212,201912
20191108,20191108,73,164120073,113722666,27614,N,2,213,201912
20191108,20191108,73,164120073,120206547,27613,N,1,214,201912
20191108,20191108,73,164120073,120241688,27610,N,5,215,201912
20191108,20191108,73,164120073,120433666,27620,N,1,216,201912
20191108,20191108,73,164120073,121119219,27620,N,1,217,201912
20191108,20191108,73,164120073,121244601,27622,N,6,218,201912
20191108,20191108,73,164120073,121832181,27622,N,1,219,201912
20191108,20191108,73,164120073,123720696,27614,N,1,220,201912
20191108,20191108,73,164120073,131824584,27615,N,1,221,201912
20191108,20191108,73,164120073,134907258,27606,N,1,222,201912
20191108,20191108,73,164120073,135008955,27604,N,1,223,201912
20191108,20191108,73,164120073,135340114,27604,N,1,224,201912
20191108,20191108,73,164120073,135508562,27605,N,1,225,201912
20191108,20191108,73,164120073,140409818,27590,N,4,226,201912
20191108,20191108,73,164120073,142531537,27591,N,1,227,201912
20191108,20191108,73,164120073,143940130,27600,N,4,228,201912
20191108,20191108,73,164120073,144007206,27599,N,1,229,201912
20191108,20191108,73,164120073,145217815,27602,N,2,230,201912
20191108,20191108,73,164120073,145255376,27605,N,1,231,201912
20191108,20191108,73,164120073,145912683,27610,E,1,232,201912
20191108,20191107,73,165030073,233824319,27550,O,1,233,202003
20191108,20191107,73,165030073,001238244,27565,N,2,234,202003
20191108,20191107,73,165030073,001258604,27570,N,1,235,202003
20191108,20191107,73,165030073,001807496,27580,N,1,236,202003
20191108,20191107,73,165030073,001914072,27580,N,1,237,202003
20191108,20191107,73,165030073,001917295,27580,N,3,238,202003
20191108,20191107,73,165030073,003925541,27600,N,1,239,202003
20191108,20191107,73,165030073,004143961,27650,N,1,240,202003
20191108,20191107,73,165030073,004252977,27650,N,1,241,202003
20191108,20191107,73,165030073,005315950,27612,E,1,242,202003
20191108,20191108,73,165030073,092745964,27600,O,1,243,202003
20191108,20191108,73,165030073,093432967,27590,N,1,244,202003
20191108,20191108,73,165030073,134737471,27501,E,1,245,202003
20191111,20191108,73,164120073,163001046,27625,O,1,1,201912
20191111,20191108,73,164120073,165231186,27624,N,10,2,201912
20191111,20191108,73,164120073,165703908,27630,N,10,3,201912
20191111,20191108,73,164120073,173246636,27634,N,1,4,201912
20191111,20191108,73,164120073,180008645,27625,N,10,5,201912
20191111,20191108,73,164120073,184756664,27635,N,1,6,201912
20191111,20191108,73,164120073,190152119,27633,N,1,7,201912
20191111,20191108,73,164120073,192925451,27644,N,1,8,201912
20191111,20191108,73,164120073,200014583,27651,N,1,9,201912
20191111,20191108,73,164120073,200727654,27652,N,1,10,201912
20191111,20191108,73,164120073,201059759,27653,N,11,11,201912
20191111,20191108,73,164120073,202808392,27656,N,1,12,201912
20191111,20191108,73,164120073,204743287,27653,N,1,13,201912
20191111,20191108,73,164120073,205133427,27646,N,1,14,201912
20191111,20191108,73,164120073,205349145,27647,N,1,15,201912
20191111,20191108,73,164120073,205428783,27646,N,1,16,201912
20191111,20191108,73,164120073,205505189,27646,N,2,17,201912
20191111,20191108,73,164120073,211628417,27660,N,1,18,201912
20191111,20191108,73,164120073,211805293,27670,N,1,19,201912
20191111,20191108,73,164120073,212651929,27687,N,1,20,201912
20191111,20191108,73,164120073,212651929,27688,N,1,21,201912
20191111,20191108,73,164120073,212651929,27690,N,1,22,201912
20191111,20191108,73,164120073,213057711,27687,N,5,23,201912
20191111,20191108,73,164120073,213208560,27681,N,2,24,201912
20191111,20191108,73,164120073,213255315,27679,N,1,25,201912
20191111,20191108,73,164120073,215234622,27661,N,2,26,201912
20191111,20191108,73,164120073,215516594,27642,N,1,27,201912
20191111,20191108,73,164120073,220002573,27645,N,5,28,201912
20191111,20191108,73,164120073,220046616,27645,N,2,29,201912
20191111,20191108,73,164120073,220324355,27645,N,5,30,201912
20191111,20191108,73,164120073,221145600,27663,N,1,31,201912
20191111,20191108,73,164120073,221628034,27665,N,1,32,201912
20191111,20191108,73,164120073,221800799,27666,N,1,33,201912
20191111,20191108,73,164120073,222301200,27656,N,10,34,201912
20191111,20191108,73,164120073,222301201,27655,N,10,35,201912
20191111,20191108,73,164120073,222307235,27652,N,10,36,201912
20191111,20191108,73,164120073,222316285,27650,N,3,37,201912
20191111,20191108,73,164120073,231456491,27643,N,10,38,201912
20191111,20191108,73,164120073,233018388,27635,N,11,39,201912
20191111,20191108,73,164120073,233032271,27635,N,9,40,201912
20191111,20191108,73,164120073,235850977,27588,N,2,41,201912
20191111,20191108,73,164120073,235850979,27577,N,5,42,201912
20191111,20191108,73,164120073,235850981,27577,N,1,43,201912
20191111,20191108,73,164120073,235853107,27600,N,16,44,201912
20191111,20191108,73,164120073,000052616,27550,N,1,45,201912
20191111,20191108,73,164120073,000147302,27555,N,10,46,201912
20191111,20191108,73,164120073,000152859,27560,N,10,47,201912
20191111,20191108,73,164120073,000203337,27588,N,10,48,201912
20191111,20191108,73,164120073,000205187,27589,N,10,49,201912
20191111,20191108,73,164120073,000206583,27588,N,10,50,201912
20191111,20191108,73,164120073,000416096,27573,N,1,51,201912
20191111,20191108,73,164120073,000518947,27570,N,2,52,201912
20191111,20191108,73,164120073,001743054,27583,N,10,53,201912
20191111,20191108,73,164120073,001918631,27587,N,1,54,201912
20191111,20191108,73,164120073,002258031,27570,N,1,55,201912
20191111,20191108,73,164120073,003303461,27570,N,1,56,201912
20191111,20191108,73,164120073,010211061,27585,N,5,57,201912
20191111,20191108,73,164120073,011713291,27560,N,2,58,201912
20191111,20191108,73,164120073,012031188,27558,N,1,59,201912
20191111,20191108,73,164120073,014637235,27573,N,5,60,201912
20191111,20191108,73,164120073,014736308,27573,N,7,61,201912
20191111,20191108,73,164120073,042819042,27571,N,1,62,201912
20191111,20191108,73,164120073,042830549,27571,N,1,63,201912
20191111,20191108,73,164120073,042928075,27565,N,2,64,201912
20191111,20191108,73,164120073,043147750,27567,N,5,65,201912
20191111,20191108,73,164120073,044421447,27586,N,1,66,201912
20191111,20191108,73,164120073,045313443,27572,N,1,67,201912
20191111,20191108,73,164120073,052031830,27610,E,1,68,201912
20191111,20191111,73,164120073,084948608,27615,O,1,69,201912
20191111,20191111,73,164120073,085310214,27620,N,1,70,201912
20191111,20191111,73,164120073,085324590,27620,N,1,71,201912
20191111,20191111,73,164120073,085328763,27620,N,1,72,201912
20191111,20191111,73,164120073,085352648,27620,N,1,73,201912
20191111,20191111,73,164120073,085421163,27618,N,1,74,201912
20191111,20191111,73,164120073,085427059,27618,N,1,75,201912
20191111,20191111,73,164120073,085457992,27617,N,1,76,201912
20191111,20191111,73,164120073,085645928,27612,N,3,77,201912
20191111,20191111,73,164120073,090047119,27617,N,1,78,201912
20191111,20191111,73,164120073,090259039,27617,N,4,79,201912
20191111,20191111,73,164120073,090859361,27610,N,2,80,201912
20191111,20191111,73,164120073,091839775,27609,N,1,81,201912
20191111,20191111,73,164120073,092236962,27607,N,1,82,201912
20191111,20191111,73,164120073,092347384,27605,N,1,83,201912
20191111,20191111,73,164120073,092816558,27603,N,1,84,201912
20191111,20191111,73,164120073,093501218,27602,N,1,85,201912
20191111,20191111,73,164120073,095029511,27600,N,36,86,201912
20191111,20191111,73,164120073,095119906,27600,N,5,87,201912
20191111,20191111,73,164120073,095120030,27595,N,3,88,201912
20191111,20191111,73,164120073,101046372,27592,N,7,89,201912
20191111,20191111,73,164120073,102037308,27577,N,2,90,201912
20191111,20191111,73,164120073,103502333,27566,N,1,91,201912
20191111,20191111,73,164120073,104033464,27560,N,1,92,201912
20191111,20191111,73,164120073,105253780,27577,N,1,93,201912
20191111,20191111,73,164120073,105349614,27570,N,2,94,201912
20191111,20191111,73,164120073,105832577,27570,N,2,95,201912
20191111,20191111,73,164120073,110025837,27569,N,2,96,201912
20191111,20191111,73,164120073,110334327,27560,N,1,97,201912
20191111,20191111,73,164120073,111050217,27552,N,5,98,201912
20191111,20191111,73,164120073,114954211,27546,N,1,99,201912
20191111,20191111,73,164120073,115421479,27546,N,2,100,201912
20191111,20191111,73,164120073,115442027,27546,N,3,101,201912
20191111,20191111,73,164120073,124916125,27551,N,1,102,201912
20191111,20191111,73,164120073,133505962,27547,N,1,103,201912
20191111,20191111,73,164120073,133534067,27547,N,1,104,201912
20191111,20191111,73,164120073,142931501,27540,N,1,105,201912
20191111,20191111,73,164120073,145318892,27534,N,1,106,201912
20191111,20191111,73,164120073,145726309,27537,N,1,107,201912
20191111,20191111,73,164120073,150937252,27535,N,1,108,201912
20191111,20191111,73,164120073,151501009,27505,E,1,109,201912
20191111,20191108,73,165030073,163001046,27749,O,1,110,202003
20191111,20191111,73,165030073,084501051,27640,O,7,111,202003
20191111,20191111,73,165030073,085147505,27580,N,2,112,202003
20191111,20191111,73,165030073,085213517,27570,N,2,113,202003
20191111,20191111,73,165030073,085345857,27570,E,2,114,202003
20191112,20191111,73,164120073,163001046,27504,O,3,1,201912
20191112,20191111,73,164120073,163213707,27490,N,3,2,201912
20191112,20191111,73,164120073,163213710,27490,N,7,3,201912
20191112,20191111,73,164120073,163213958,27489,N,1,4,201912
20191112,20191111,73,164120073,165149792,27510,N,1,5,201912
20191112,20191111,73,164120073,165321730,27515,N,8,6,201912
20191112,20191111,73,164120073,170648990,27531,N,5,7,201912
20191112,20191111,73,164120073,170650365,27530,N,5,8,201912
20191112,20191111,73,164120073,170711654,27535,N,1,9,201912
20191112,20191111,73,164120073,171000113,27535,N,1,10,201912
20191112,20191111,73,164120073,171041930,27533,N,2,11,201912
20191112,20191111,73,164120073,172138713,27532,N,1,12,201912
20191112,20191111,73,164120073,173813730,27549,N,1,13,201912
20191112,20191111,73,164120073,174439451,27545,N,1,14,201912
20191112,20191111,73,164120073,180115705,27540,N,6,15,201912
20191112,20191111,73,164120073,184340013,27522,N,10,16,201912
20191112,20191111,73,164120073,184349114,27515,N,1,17,201912
20191112,20191111,73,164120073,192802588,27521,N,4,18,201912
20191112,20191111,73,164120073,193223731,27508,N,1,19,201912
20191112,20191111,73,164120073,193433509,27506,N,2,20,201912
20191112,20191111,73,164120073,194007813,27512,N,1,21,201912
20191112,20191111,73,164120073,194410107,27510,N,1,22,201912
20191112,20191111,73,164120073,194410107,27509,N,2,23,201912
20191112,20191111,73,164120073,200745019,27517,N,1,24,201912
20191112,20191111,73,164120073,201207926,27495,N,1,25,201912
20191112,20191111,73,164120073,201415367,27496,N,5,26,201912
20191112,20191111,73,164120073,202717634,27507,N,10,27,201912
20191112,20191111,73,164120073,202900292,27504,N,1,28,201912
20191112,20191111,73,164120073,204801156,27512,N,1,29,201912
20191112,20191111,73,164120073,204913150,27519,N,1,30,201912
20191112,20191111,73,164120073,205754704,27520,N,5,31,201912
20191112,20191111,73,164120073,213942566,27498,N,1,32,201912
20191112,20191111,73,164120073,214727975,27503,N,10,33,201912
20191112,20191111,73,164120073,232851022,27506,N,10,34,201912
20191112,20191111,73,164120073,233030325,27482,N,10,35,201912
20191112,20191111,73,164120073,233257340,27478,N,1,36,201912
20191112,20191111,73,164120073,233502218,27508,N,1,37,201912
20191112,20191111,73,164120073,233916939,27509,N,1,38,201912
20191112,20191111,73,164120073,234229409,27495,N,3,39,201912
20191112,20191111,73,164120073,234505028,27508,N,1,40,201912
20191112,20191111,73,164120073,234616452,27527,N,2,41,201912
20191112,20191111,73,164120073,001634867,27537,N,3,42,201912
20191112,20191111,73,164120073,002512701,27530,N,1,43,201912
20191112,20191111,73,164120073,005610677,27529,N,1,44,201912
20191112,20191111,73,164120073,012145124,27520,N,2,45,201912
20191112,20191111,73,164120073,015502011,27555,N,1,46,201912
20191112,20191111,73,164120073,015850286,27570,N,1,47,201912
20191112,20191111,73,164120073,020407305,27590,N,1,48,201912
20191112,20191111,73,164120073,020554475,27600,N,3,49,201912
20191112,20191111,73,164120073,033003715,27643,N,6,50,201912
20191112,20191111,73,164120073,033003717,27651,N,1,51,201912
20191112,20191111,73,164120073,035329922,27659,N,5,52,201912
20191112,20191111,73,164120073,053001019,27628,E,5,53,201912
20191112,20191112,73,164120073,084501051,27636,O,22,54,201912
20191112,20191112,73,164120073,084802142,27621,N,1,55,201912
20191112,20191112,73,164120073,084907396,27621,N,1,56,201912
20191112,20191112,73,164120073,085025033,27631,N,3,57,201912
20191112,20191112,73,164120073,085025045,27631,N,2,58,201912
20191112,20191112,73,164120073,085105882,27624,N,5,59,201912
20191112,20191112,73,164120073,085402155,27631,N,3,60,201912
20191112,20191112,73,164120073,090131913,27632,N,1,61,201912
20191112,20191112,73,164120073,090452380,27622,N,1,62,201912
20191112,20191112,73,164120073,091259403,27626,N,10,63,201912
20191112,20191112,73,164120073,091637515,27626,N,10,64,201912
20191112,20191112,73,164120073,092633410,27630,N,1,65,201912
20191112,20191112,73,164120073,092725325,27630,N,1,66,201912
20191112,20191112,73,164120073,093200611,27630,N,1,67,201912
20191112,20191112,73,164120073,093325382,27632,N,1,68,201912
20191112,20191112,73,164120073,093325382,27634,N,4,69,201912
20191112,20191112,73,164120073,093414360,27633,N,5,70,201912
20191112,20191112,73,164120073,104422901,27607,N,1,71,201912
20191112,20191112,73,164120073,111143318,27604,N,5,72,201912
20191112,20191112,73,164120073,114343702,27603,N,2,73,201912
20191112,20191112,73,164120073,114537731,27603,N,1,74,201912
20191112,20191112,73,164120073,120032681,27605,N,10,75,201912
20191112,20191112,73,164120073,120125767,27607,N,1,76,201912
20191112,20191112,73,164120073,121422066,27608,N,10,77,201912
20191112,20191112,73,164120073,122758836,27612,N,1,78,201912
20191112,20191112,73,164120073,122801480,27612,N,1,79,201912
20191112,20191112,73,164120073,123032274,27617,N,5,80,201912
20191112,20191112,73,164120073,133058437,27610,N,11,81,201912
20191112,20191112,73,164120073,134323594,27616,N,1,82,201912
20191112,20191112,73,164120073,134905035,27620,N,10,83,201912
20191112,20191112,73,164120073,134954986,27625,N,1,84,201912
20191112,20191112,73,164120073,135010601,27625,N,1,85,201912
20191112,20191112,73,164120073,135742643,27628,N,1,86,201912
20191112,20191112,73,164120073,135822474,27625,N,1,87,201912
20191112,20191112,73,164120073,135822474,27624,N,1,88,201912
20191112,20191112,73,164120073,135827324,27625,N,1,89,201912
20191112,20191112,73,164120073,140033691,27625,N,1,90,201912
20191112,20191112,73,164120073,142039369,27648,N,1,91,201912
20191112,20191112,73,164120073,142122281,27649,N,2,92,201912
20191112,20191112,73,164120073,143820830,27650,N,5,93,201912
20191112,20191112,73,164120073,145148662,27673,N,1,94,201912
20191112,20191112,73,164120073,145321697,27672,N,1,95,201912
20191112,20191112,73,164120073,145406088,27666,N,1,96,201912
20191112,20191112,73,164120073,145448188,27674,N,1,97,201912
20191112,20191112,73,164120073,145947898,27686,N,1,98,201912
20191112,20191112,73,164120073,150440682,27682,N,11,99,201912
20191112,20191112,73,164120073,150442256,27682,N,22,100,201912
20191112,20191112,73,164120073,150510042,27682,N,7,101,201912
20191112,20191112,73,164120073,150753961,27680,N,1,102,201912
20191112,20191112,73,164120073,151501008,27708,E,5,103,201912
20191112,20191112,73,165030073,084808003,27512,O,1,104,202003
20191112,20191112,73,165030073,104348433,27501,N,1,105,202003
20191112,20191112,73,165030073,151501008,27755,E,1,106,202003
20191113,20191112,73,164120073,163001046,27685,O,3,1,201912
20191113,20191112,73,164120073,163054209,27674,N,10,2,201912
20191113,20191112,73,164120073,163329899,27670,N,2,3,201912
20191113,20191112,73,164120073,164601195,27691,N,10,4,201912
20191113,20191112,73,164120073,164808750,27694,N,10,5,201912
20191113,20191112,73,164120073,165234283,27689,N,7,6,201912
20191113,20191112,73,164120073,170019074,27678,N,10,7,201912
20191113,20191112,73,164120073,172037985,27679,N,10,8,201912
20191113,20191112,73,164120073,172446663,27662,N,15,9,201912
20191113,20191112,73,164120073,175656436,27662,N,1,10,201912
20191113,20191112,73,164120073,182458840,27665,N,2,11,201912
20191113,20191112,73,164120073,185448139,27652,N,1,12,201912
20191113,20191112,73,164120073,185827419,27652,N,1,13,201912
20191113,20191112,73,164120073,190250528,27664,N,1,14,201912
20191113,20191112,73,164120073,190416672,27676,N,6,15,201912
20191113,20191112,73,164120073,190750943,27673,N,1,16,201912
20191113,20191112,73,164120073,195730031,27673,N,1,17,201912
20191113,20191112,73,164120073,201803333,27676,N,2,18,201912
20191113,20191112,73,164120073,204429182,27675,N,1,19,201912
20191113,20191112,73,164120073,205414955,27675,N,1,20,201912
20191113,20191112,73,164120073,205521318,27670,N,1,21,201912
20191113,20191112,73,164120073,222034009,27677,N,1,22,201912
20191113,20191112,73,164120073,222905915,27671,N,2,23,201912
20191113,20191112,73,164120073,223015728,27672,N,11,24,201912
20191113,20191112,73,164120073,225207433,27658,N,2,25,201912
20191113,20191112,73,164120073,225653895,27659,N,2,26,201912
20191113,20191112,73,164120073,231818799,27672,N,10,27,201912
20191113,20191112,73,164120073,231818815,27671,N,10,28,201912
20191113,20191112,73,164120073,233110674,27669,N,10,29,201912
20191113,20191112,73,164120073,233243669,27650,N,10,30,201912
20191113,20191112,73,164120073,234632240,27673,N,10,31,201912
20191113,20191112,73,164120073,235035637,27663,N,10,32,201912
20191113,20191112,73,164120073,235252187,27688,N,1,33,201912
20191113,20191112,73,164120073,235303492,27691,N,10,34,201912
20191113,20191112,73,164120073,235606898,27682,N,10,35,201912
20191113,20191112,73,164120073,235606898,27681,N,10,36,201912
20191113,20191112,73,164120073,000039971,27699,N,1,37,201912
20191113,20191112,73,164120073,000153716,27691,N,1,38,201912
20191113,20191112,73,164120073,000320014,27689,N,10,39,201912
20191113,20191112,73,164120073,000452919,27669,N,10,40,201912
20191113,20191112,73,164120073,000740934,27689,N,10,41,201912
20191113,20191112,73,164120073,000755722,27691,N,1,42,201912
20191113,20191112,73,164120073,000819234,27698,N,10,43,201912
20191113,20191112,73,164120073,001234696,27696,N,1,44,201912
20191113,20191112,73,164120073,001407483,27698,N,1,45,201912
20191113,20191112,73,164120073,001739735,27703,N,10,46,201912
20191113,20191112,73,164120073,001739737,27703,N,4,47,201912
20191113,20191112,73,164120073,001740296,27704,N,2,48,201912
20191113,20191112,73,164120073,002113384,27699,N,21,49,201912
20191113,20191112,73,164120073,002113384,27697,N,9,50,201912
20191113,20191112,73,164120073,002405055,27710,N,11,51,201912
20191113,20191112,73,164120073,002613629,27709,N,10,52,201912
20191113,20191112,73,164120073,002705757,27710,N,9,53,201912
20191113,20191112,73,164120073,002713435,27719,N,10,54,201912
20191113,20191112,73,164120073,003809258,27716,N,10,55,201912
20191113,20191112,73,164120073,004024877,27717,N,5,56,201912
20191113,20191112,73,164120073,004359257,27705,N,1,57,201912
20191113,20191112,73,164120073,004549792,27713,N,1,58,201912
20191113,20191112,73,164120073,004928050,27713,N,2,59,201912
20191113,20191112,73,164120073,005044452,27710,N,25,60,201912
20191113,20191112,73,164120073,005537664,27713,N,1,61,201912
20191113,20191112,73,164120073,005731792,27702,N,1,62,201912
20191113,20191112,73,164120073,014855705,27687,N,11,63,201912
20191113,20191112,73,164120073,020133217,27678,N,1,64,201912
20191113,20191112,73,164120073,022507208,27663,N,1,65,201912
20191113,20191112,73,164120073,025017714,27663,N,1,66,201912
20191113,20191112,73,164120073,044348710,27637,N,1,67,201912
20191113,20191112,73,164120073,045503599,27600,N,1,68,201912
20191113,20191112,73,164120073,045503657,27599,N,1,69,201912
20191113,20191112,73,164120073,051059225,27625,N,21,70,201912
20191113,20191112,73,164120073,051059225,27623,N,10,71,201912
20191113,20191112,73,164120073,051059225,27622,N,10,72,201912
20191113,20191112,73,164120073,051059225,27621,N,10,73,201912
20191113,20191112,73,164120073,051059225,27620,N,5,74,201912
20191113,20191112,73,164120073,051525316,27616,N,10,75,201912
20191113,20191112,73,164120073,051919877,27622,N,1,76,201912
20191113,20191112,73,164120073,052450565,27622,E,1,77,201912
20191113,20191113,73,164120073,084501050,27625,O,4,78,201912
20191113,20191113,73,164120073,090534108,27609,N,10,79,201912
20191113,20191113,73,164120073,090613132,27612,N,1,80,201912
20191113,20191113,73,164120073,091945489,27602,N,2,81,201912
20191113,20191113,73,164120073,092049416,27607,N,2,82,201912
20191113,20191113,73,164120073,093321717,27611,N,1,83,201912
20191113,20191113,73,164120073,094903772,27600,N,1,84,201912
20191113,20191113,73,164120073,100004183,27614,N,1,85,201912
20191113,20191113,73,164120073,100449679,27615,N,11,86,201912
20191113,20191113,73,164120073,100450048,27615,N,1,87,201912
20191113,20191113,73,164120073,102917478,27612,N,2,88,201912
20191113,20191113,73,164120073,103739139,27605,N,1,89,201912
20191113,20191113,73,164120073,110244246,27588,N,1,90,201912
20191113,20191113,73,164120073,110244248,27580,N,7,91,201912
20191113,20191113,73,164120073,110931367,27584,N,2,92,201912
20191113,20191113,73,164120073,111245034,27590,N,5,93,201912
20191113,20191113,73,164120073,111637455,27582,N,2,94,201912
20191113,20191113,73,164120073,113902612,27579,N,7,95,201912
20191113,20191113,73,164120073,120808297,27600,N,2,96,201912
20191113,20191113,73,164120073,124415557,27587,N,1,97,201912
20191113,20191113,73,164120073,142940392,27570,N,1,98,201912
20191113,20191113,73,164120073,151501010,27561,E,1,99,201912
20191113,20191113,73,165030073,090535022,27550,O,1,100,202003
20191113,20191113,73,165030073,092950867,27550,E,2,101,202003
20191114,20191113,73,164120073,163104588,27589,O,3,1,201912
20191114,20191113,73,164120073,180030581,27589,N,5,2,201912
20191114,20191113,73,164120073,180619702,27560,N,2,3,201912
20191114,20191113,73,164120073,180812461,27561,N,1,4,201912
20191114,20191113,73,164120073,181127417,27558,N,1,5,201912
20191114,20191113,73,164120073,182018679,27552,N,3,6,201912
20191114,20191113,73,164120073,183725615,27533,N,1,7,201912
20191114,20191113,73,164120073,183840008,27519,N,1,8,201912
20191114,20191113,73,164120073,183932370,27527,N,1,9,201912
20191114,20191113,73,164120073,184553393,27520,N,1,10,201912
20191114,20191113,73,164120073,184938148,27522,N,1,11,201912
20191114,20191113,73,164120073,185325318,27520,N,1,12,201912
20191114,20191113,73,164120073,185411891,27519,N,1,13,201912
20191114,20191113,73,164120073,185543608,27519,N,3,14,201912
20191114,20191113,73,164120073,185604737,27519,N,2,15,201912
20191114,20191113,73,164120073,185900046,27522,N,1,16,201912
20191114,20191113,73,164120073,190124282,27530,N,5,17,201912
20191114,20191113,73,164120073,190139199,27533,N,10,18,201912
20191114,20191113,73,164120073,190139348,27535,N,3,19,201912
20191114,20191113,73,164120073,190458711,27535,N,1,20,201912
20191114,20191113,73,164120073,190516123,27535,N,7,21,201912
20191114,20191113,73,164120073,190552251,27535,N,2,22,201912
20191114,20191113,73,164120073,191025340,27537,N,10,23,201912
20191114,20191113,73,164120073,191530073,27543,N,1,24,201912
20191114,20191113,73,164120073,201029495,27539,N,1,25,201912
20191114,20191113,73,164120073,215105212,27557,N,2,26,201912
20191114,20191113,73,164120073,215950820,27556,N,2,27,201912
20191114,20191113,73,164120073,221001498,27557,N,1,28,201912
20191114,20191113,73,164120073,221749071,27551,N,1,29,201912
20191114,20191113,73,164120073,221927103,27553,N,1,30,201912
20191114,20191113,73,164120073,224411978,27549,N,1,31,201912
20191114,20191113,73,164120073,224453649,27551,N,1,32,201912
20191114,20191113,73,164120073,230757807,27561,N,1,33,201912
20191114,20191113,73,164120073,232652145,27550,N,1,34,201912
20191114,20191113,73,164120073,233459982,27600,N,1,35,201912
20191114,20191113,73,164120073,233459985,27614,N,1,36,201912
20191114,20191113,73,164120073,233459985,27614,N,9,37,201912
20191114,20191113,73,164120073,233459985,27622,N,1,38,201912
20191114,20191113,73,164120073,233502159,27597,N,1,39,201912
20191114,20191113,73,164120073,233609264,27617,N,1,40,201912
20191114,20191113,73,164120073,233635474,27611,N,1,41,201912
20191114,20191113,73,164120073,234012419,27608,N,2,42,201912
20191114,20191113,73,164120073,234210728,27609,N,4,43,201912
20191114,20191113,73,164120073,234255212,27610,N,2,44,201912
20191114,20191113,73,164120073,235212526,27577,N,1,45,201912
20191114,20191113,73,164120073,235624264,27590,N,2,46,201912
20191114,20191113,73,164120073,003714319,27610,N,1,47,201912
20191114,20191113,73,164120073,003958306,27649,N,3,48,201912
20191114,20191113,73,164120073,004000211,27650,N,1,49,201912
20191114,20191113,73,164120073,005317816,27658,N,4,50,201912
20191114,20191113,73,164120073,005354677,27659,N,1,51,201912
20191114,20191113,73,164120073,005423040,27661,N,1,52,201912
20191114,20191113,73,164120073,010222639,27646,N,1,53,201912
20191114,20191113,73,164120073,010754053,27640,N,2,54,201912
20191114,20191113,73,164120073,011805296,27652,N,1,55,201912
20191114,20191113,73,164120073,014340922,27663,N,1,56,201912
20191114,20191113,73,164120073,014342934,27666,N,1,57,201912
20191114,20191113,73,164120073,014342938,27669,N,11,58,201912
20191114,20191113,73,164120073,014412896,27678,N,1,59,201912
20191114,20191113,73,164120073,014930057,27668,N,1,60,201912
20191114,20191113,73,164120073,014956199,27674,N,1,61,201912
20191114,20191113,73,164120073,021555273,27685,N,1,62,201912
20191114,20191113,73,164120073,021928615,27690,N,1,63,201912
20191114,20191113,73,164120073,022944235,27699,N,20,64,201912
20191114,20191113,73,164120073,023226138,27686,N,1,65,201912
20191114,20191113,73,164120073,023917576,27699,N,1,66,201912
20191114,20191113,73,164120073,023936697,27700,N,3,67,201912
20191114,20191113,73,164120073,030802116,27705,N,1,68,201912
20191114,20191113,73,164120073,030802119,27710,N,1,69,201912
20191114,20191113,73,164120073,031933246,27710,N,1,70,201912
20191114,20191113,73,164120073,032300184,27695,N,2,71,201912
20191114,20191113,73,164120073,033305904,27704,N,1,72,201912
20191114,20191113,73,164120073,033858665,27708,N,1,73,201912
20191114,20191113,73,164120073,034931483,27727,N,4,74,201912
20191114,20191113,73,164120073,034931486,27730,N,1,75,201912
20191114,20191113,73,164120073,034931487,27733,N,1,76,201912
20191114,20191113,73,164120073,035036167,27748,N,22,77,201912
20191114,20191113,73,164120073,035043867,27742,N,1,78,201912
20191114,20191113,73,164120073,035122387,27748,N,1,79,201912
20191114,20191113,73,164120073,035330539,27750,N,11,80,201912
20191114,20191113,73,164120073,035409620,27750,N,2,81,201912
20191114,20191113,73,164120073,035704829,27670,N,4,82,201912
20191114,20191113,73,164120073,035704832,27660,N,10,83,201912
20191114,20191113,73,164120073,035704844,27647,N,33,84,201912
20191114,20191113,73,164120073,035704944,27647,N,10,85,201912
20191114,20191113,73,164120073,035704957,27647,N,11,86,201912
20191114,20191113,73,164120073,035706117,27660,N,1,87,201912
20191114,20191113,73,164120073,035722999,27671,N,1,88,201912
20191114,20191113,73,164120073,035803430,27676,N,1,89,201912
20191114,20191113,73,164120073,040226118,27663,N,1,90,201912
20191114,20191113,73,164120073,040411319,27666,N,1,91,201912
20191114,20191113,73,164120073,044041783,27690,N,1,92,201912
20191114,20191113,73,164120073,050406758,27728,N,1,93,201912
20191114,20191113,73,164120073,050422900,27736,N,10,94,201912
20191114,20191113,73,164120073,050431467,27728,N,2,95,201912
20191114,20191113,73,164120073,051042477,27736,N,1,96,201912
20191114,20191113,73,164120073,052211823,27744,E,4,97,201912
20191114,20191114,73,164120073,084501050,27733,O,4,98,201912
20191114,20191114,73,164120073,084623284,27732,N,4,99,201912
20191114,20191114,73,164120073,084636696,27733,N,7,100,201912
20191114,20191114,73,164120073,084701245,27734,N,1,101,201912
20191114,20191114,73,164120073,084741151,27733,N,1,102,201912
20191114,20191114,73,164120073,084811325,27734,N,1,103,201912
20191114,20191114,73,164120073,085718323,27738,N,1,104,201912
20191114,20191114,73,164120073,085815145,27737,N,1,105,201912
20191114,20191114,73,164120073,090133225,27730,N,1,106,201912
20191114,20191114,73,164120073,090407295,27730,N,2,107,201912
20191114,20191114,73,164120073,090744612,27740,N,1,108,201912
20191114,20191114,73,164120073,091440131,27733,N,1,109,201912
20191114,20191114,73,164120073,091638951,27727,N,10,110,201912
20191114,20191114,73,164120073,091802253,27727,N,10,111,201912
20191114,20191114,73,164120073,093156736,27717,N,10,112,201912
20191114,20191114,73,164120073,095032391,27720,N,10,113,201912
20191114,20191114,73,164120073,100249576,27730,N,1,114,201912
20191114,20191114,73,164120073,100729591,27730,N,10,115,201912
20191114,20191114,73,164120073,100939514,27721,N,1,116,201912
20191114,20191114,73,164120073,101117908,27725,N,1,117,201912
20191114,20191114,73,164120073,102453553,27740,N,10,118,201912
20191114,20191114,73,164120073,102552514,27745,N,1,119,201912
20191114,20191114,73,164120073,103621847,27751,N,1,120,201912
20191114,20191114,73,164120073,104520449,27775,N,2,121,201912
20191114,20191114,73,164120073,104521145,27779,N,2,122,201912
20191114,20191114,73,164120073,104625350,27790,N,1,123,201912
20191114,20191114,73,164120073,104630368,27791,N,1,124,201912
20191114,20191114,73,164120073,104650277,27789,N,10,125,201912
20191114,20191114,73,164120073,104650595,27789,N,3,126,201912
20191114,20191114,73,164120073,104755080,27786,N,10,127,201912
20191114,20191114,73,164120073,104822667,27785,N,1,128,201912
20191114,20191114,73,164120073,105238710,27780,N,10,129,201912
20191114,20191114,73,164120073,110003689,27765,N,1,130,201912
20191114,20191114,73,164120073,110300443,27756,N,1,131,201912
20191114,20191114,73,164120073,111543651,27753,N,2,132,201912
20191114,20191114,73,164120073,111632647,27751,N,1,133,201912
20191114,20191114,73,164120073,113759346,27720,N,10,134,201912
20191114,20191114,73,164120073,113812209,27710,N,11,135,201912
20191114,20191114,73,164120073,114034639,27700,N,1,136,201912
20191114,20191114,73,164120073,114111587,27698,N,1,137,201912
20191114,20191114,73,164120073,114114265,27700,N,1,138,201912
20191114,20191114,73,164120073,114143969,27700,N,2,139,201912
20191114,20191114,73,164120073,114306760,27698,N,1,140,201912
20191114,20191114,73,164120073,114444673,27703,N,1,141,201912
20191114,20191114,73,164120073,114445841,27702,N,10,142,201912
20191114,20191114,73,164120073,114445841,27701,N,10,143,201912
20191114,20191114,73,164120073,115117416,27711,N,4,144,201912
20191114,20191114,73,164120073,115211398,27717,N,1,145,201912
20191114,20191114,73,164120073,115301899,27710,N,1,146,201912
20191114,20191114,73,164120073,115721213,27710,N,3,147,201912
20191114,20191114,73,164120073,115908238,27714,N,1,148,201912
20191114,20191114,73,164120073,121312914,27721,N,1,149,201912
20191114,20191114,73,164120073,121520568,27731,N,1,150,201912
20191114,20191114,73,164120073,121915235,27726,N,3,151,201912
20191114,20191114,73,164120073,122839077,27731,N,2,152,201912
20191114,20191114,73,164120073,124505057,27725,N,1,153,201912
20191114,20191114,73,164120073,124948247,27716,N,1,154,201912
20191114,20191114,73,164120073,125602460,27713,N,1,155,201912
20191114,20191114,73,164120073,125801530,27714,N,1,156,201912
20191114,20191114,73,164120073,130212929,27712,N,10,157,201912
20191114,20191114,73,164120073,130408529,27710,N,1,158,201912
20191114,20191114,73,164120073,131221022,27711,N,7,159,201912
20191114,20191114,73,164120073,131458350,27720,N,3,160,201912
20191114,20191114,73,164120073,132135342,27714,N,1,161,201912
20191114,20191114,73,164120073,132249665,27720,N,1,162,201912
20191114,20191114,73,164120073,132711922,27717,N,1,163,201912
20191114,20191114,73,164120073,132940720,27716,N,1,164,201912
20191114,20191114,73,164120073,133025742,27716,N,1,165,201912
20191114,20191114,73,164120073,133104878,27717,N,1,166,201912
20191114,20191114,73,164120073,133112516,27720,N,2,167,201912
20191114,20191114,73,164120073,133511574,27720,N,1,168,201912
20191114,20191114,73,164120073,133940605,27721,N,4,169,201912
20191114,20191114,73,164120073,134001985,27720,N,2,170,201912
20191114,20191114,73,164120073,134225154,27717,N,1,171,201912
20191114,20191114,73,164120073,134548524,27714,N,1,172,201912
20191114,20191114,73,164120073,134742440,27713,N,1,173,201912
20191114,20191114,73,164120073,135249214,27715,N,1,174,201912
20191114,20191114,73,164120073,135349693,27718,N,1,175,201912
20191114,20191114,73,164120073,135814377,27724,N,1,176,201912
20191114,20191114,73,164120073,135841072,27727,N,1,177,201912
20191114,20191114,73,164120073,140341993,27735,N,1,178,201912
20191114,20191114,73,164120073,140956703,27735,N,1,179,201912
20191114,20191114,73,164120073,141039489,27735,N,4,180,201912
20191114,20191114,73,164120073,141214537,27734,N,1,181,201912
20191114,20191114,73,164120073,143611612,27736,N,1,182,201912
20191114,20191114,73,164120073,143820144,27736,N,1,183,201912
20191114,20191114,73,164120073,144916926,27744,N,20,184,201912
20191114,20191114,73,164120073,144916926,27751,N,11,185,201912
20191114,20191114,73,164120073,150327820,27722,E,1,186,201912
20191114,20191114,73,165030073,091151740,27551,O,1,187,202003
20191114,20191113,73,165060073,183659035,27400,O,1,188,202006
20191114,20191113,73,165060073,183705475,27400,E,1,189,202006
20191115,20191114,73,164120073,163001046,27708,O,2,1,201912
20191115,20191114,73,164120073,164216307,27717,N,4,2,201912
20191115,20191114,73,164120073,164233286,27716,N,1,3,201912
20191115,20191114,73,164120073,165357313,27721,N,1,4,201912
20191115,20191114,73,164120073,165429153,27725,N,1,5,201912
20191115,20191114,73,164120073,170347004,27719,N,1,6,201912
20191115,20191114,73,164120073,171521594,27720,N,6,7,201912
20191115,20191114,73,164120073,173236433,27700,N,1,8,201912
20191115,20191114,73,164120073,173452921,27689,N,1,9,201912
20191115,20191114,73,164120073,173739719,27700,N,1,10,201912
20191115,20191114,73,164120073,173837725,27700,N,2,11,201912
20191115,20191114,73,164120073,174908178,27705,N,1,12,201912
20191115,20191114,73,164120073,175305479,27705,N,1,13,201912
20191115,20191114,73,164120073,180453382,27688,N,1,14,201912
20191115,20191114,73,164120073,180856276,27681,N,1,15,201912
20191115,20191114,73,164120073,181528294,27682,N,1,16,201912
20191115,20191114,73,164120073,181546933,27683,N,1,17,201912
20191115,20191114,73,164120073,181720208,27688,N,1,18,201912
20191115,20191114,73,164120073,181808552,27693,N,1,19,201912
20191115,20191114,73,164120073,182311856,27700,N,1,20,201912
20191115,20191114,73,164120073,182532656,27706,N,1,21,201912
20191115,20191114,73,164120073,182836092,27704,N,3,22,201912
20191115,20191114,73,164120073,183159353,27700,N,1,23,201912
20191115,20191114,73,164120073,185507151,27700,N,1,24,201912
20191115,20191114,73,164120073,190225996,27701,N,1,25,201912
20191115,20191114,73,164120073,190504118,27750,N,16,26,201912
20191115,20191114,73,164120073,190650983,27737,N,4,27,201912
20191115,20191114,73,164120073,190717509,27734,N,10,28,201912
20191115,20191114,73,164120073,191305089,27729,N,10,29,201912
20191115,20191114,73,164120073,192043519,27729,N,1,30,201912
20191115,20191114,73,164120073,192642050,27726,N,10,31,201912
20191115,20191114,73,164120073,192642051,27726,N,10,32,201912
20191115,20191114,73,164120073,192943568,27732,N,1,33,201912
20191115,20191114,73,164120073,193645064,27735,N,1,34,201912
20191115,20191114,73,164120073,193741420,27733,N,1,35,201912
20191115,20191114,73,164120073,200607572,27709,N,1,36,201912
20191115,20191114,73,164120073,201158754,27698,N,1,37,201912
20191115,20191114,73,164120073,201824405,27695,N,1,38,201912
20191115,20191114,73,164120073,202036859,27690,N,10,39,201912
20191115,20191114,73,164120073,202204762,27690,N,1,40,201912
20191115,20191114,73,164120073,202337972,27686,N,1,41,201912
20191115,20191114,73,164120073,202357457,27687,N,1,42,201912
20191115,20191114,73,164120073,202431332,27690,N,1,43,201912
20191115,20191114,73,164120073,202928333,27695,N,1,44,201912
20191115,20191114,73,164120073,202946777,27699,N,1,45,201912
20191115,20191114,73,164120073,202959327,27699,N,1,46,201912
20191115,20191114,73,164120073,203201325,27700,N,3,47,201912
20191115,20191114,73,164120073,203211326,27701,N,1,48,201912
20191115,20191114,73,164120073,203353467,27707,N,3,49,201912
20191115,20191114,73,164120073,204109372,27703,N,1,50,201912
20191115,20191114,73,164120073,205021116,27708,N,1,51,201912
20191115,20191114,73,164120073,211958198,27715,N,1,52,201912
20191115,20191114,73,164120073,212330133,27713,N,1,53,201912
20191115,20191114,73,164120073,212335103,27714,N,1,54,201912
20191115,20191114,73,164120073,213240027,27712,N,21,55,201912
20191115,20191114,73,164120073,213240503,27713,N,21,56,201912
20191115,20191114,73,164120073,213243037,27714,N,5,57,201912
20191115,20191114,73,164120073,213243276,27714,N,5,58,201912
20191115,20191114,73,164120073,213243695,27713,N,11,59,201912
20191115,20191114,73,164120073,213246425,27713,N,1,60,201912
20191115,20191114,73,164120073,213303674,27712,N,11,61,201912
20191115,20191114,73,164120073,213317740,27711,N,11,62,201912
20191115,20191114,73,164120073,213326665,27711,N,1,63,201912
20191115,20191114,73,164120073,213326904,27711,N,1,64,201912
20191115,20191114,73,164120073,213331691,27711,N,1,65,201912
20191115,20191114,73,164120073,213342815,27711,N,1,66,201912
20191115,20191114,73,164120073,213343054,27711,N,1,67,201912
20191115,20191114,73,164120073,213343943,27711,N,1,68,201912
20191115,20191114,73,164120073,213344181,27711,N,1,69,201912
20191115,20191114,73,164120073,213350812,27712,N,1,70,201912
20191115,20191114,73,164120073,213402351,27710,N,11,71,201912
20191115,20191114,73,164120073,213402531,27710,N,22,72,201912
20191115,20191114,73,164120073,213530061,27703,N,3,73,201912
20191115,20191114,73,164120073,215247947,27700,N,1,74,201912
20191115,20191114,73,164120073,215258412,27700,N,1,75,201912
20191115,20191114,73,164120073,215921557,27706,N,1,76,201912
20191115,20191114,73,164120073,215931796,27705,N,1,77,201912
20191115,20191114,73,164120073,220016923,27707,N,1,78,201912
20191115,20191114,73,164120073,220814199,27715,N,1,79,201912
20191115,20191114,73,164120073,221707446,27710,N,1,80,201912
20191115,20191114,73,164120073,224350023,27686,N,2,81,201912
20191115,20191114,73,164120073,231853212,27707,N,1,82,201912
20191115,20191114,73,164120073,233257411,27720,N,5,83,201912
20191115,20191114,73,164120073,233405994,27720,N,1,84,201912
20191115,20191114,73,164120073,233601025,27730,N,1,85,201912
20191115,20191114,73,164120073,233940069,27734,N,10,86,201912
20191115,20191114,73,164120073,234222078,27731,N,1,87,201912
20191115,20191114,73,164120073,234706626,27700,N,1,88,201912
20191115,20191114,73,164120073,234811355,27712,N,1,89,201912
20191115,20191114,73,164120073,234811594,27712,N,1,90,201912
20191115,20191114,73,164120073,234811864,27712,N,1,91,201912
20191115,20191114,73,164120073,234812103,27712,N,6,92,201912
20191115,20191114,73,164120073,234812341,27712,N,1,93,201912
20191115,20191114,73,164120073,234824254,27711,N,1,94,201912
20191115,20191114,73,164120073,234830116,27711,N,6,95,201912
20191115,20191114,73,164120073,234830355,27711,N,3,96,201912
20191115,20191114,73,164120073,235109587,27713,N,1,97,201912
20191115,20191114,73,164120073,235309168,27701,N,1,98,201912
20191115,20191114,73,164120073,235309832,27708,N,10,99,201912
20191115,20191114,73,164120073,000334506,27725,N,5,100,201912
20191115,20191114,73,164120073,000415381,27732,N,5,101,201912
20191115,20191114,73,164120073,000519349,27730,N,1,102,201912
20191115,20191114,73,164120073,000531682,27727,N,10,103,201912
20191115,20191114,73,164120073,000654482,27737,N,5,104,201912
20191115,20191114,73,164120073,000735233,27725,N,5,105,201912
20191115,20191114,73,164120073,002045898,27742,N,5,106,201912
20191115,20191114,73,164120073,002828640,27720,N,2,107,201912
20191115,20191114,73,164120073,003633469,27714,N,1,108,201912
20191115,20191114,73,164120073,004309105,27715,N,2,109,201912
20191115,20191114,73,164120073,004529371,27715,N,1,110,201912
20191115,20191114,73,164120073,004551644,27711,N,1,111,201912
20191115,20191114,73,164120073,013441567,27707,N,10,112,201912
20191115,20191114,73,164120073,013720879,27697,N,1,113,201912
20191115,20191114,73,164120073,014154554,27680,N,1,114,201912
20191115,20191114,73,164120073,014208879,27675,N,10,115,201912
20191115,20191114,73,164120073,014208959,27675,N,10,116,201912
20191115,20191114,73,164120073,014536900,27661,N,3,117,201912
20191115,20191114,73,164120073,014821894,27640,N,1,118,201912
20191115,20191114,73,164120073,014836241,27630,N,4,119,201912
20191115,20191114,73,164120073,014908678,27630,N,1,120,201912
20191115,20191114,73,164120073,015007576,27640,N,4,121,201912
20191115,20191114,73,164120073,015038799,27640,N,1,122,201912
20191115,20191114,73,164120073,015309090,27653,N,1,123,201912
20191115,20191114,73,164120073,015542093,27662,N,1,124,201912
20191115,20191114,73,164120073,020055487,27658,N,3,125,201912
20191115,20191114,73,164120073,022032366,27670,N,1,126,201912
20191115,20191114,73,164120073,022041298,27670,N,2,127,201912
20191115,20191114,73,164120073,022220645,27668,N,1,128,201912
20191115,20191114,73,164120073,022307063,27666,N,1,129,201912
20191115,20191114,73,164120073,022307614,27666,N,1,130,201912
20191115,20191114,73,164120073,022526533,27660,N,2,131,201912
20191115,20191114,73,164120073,022650814,27663,N,3,132,201912
20191115,20191114,73,164120073,022741811,27671,N,2,133,201912
20191115,20191114,73,164120073,024415669,27700,N,1,134,201912
20191115,20191114,73,164120073,024712074,27697,N,3,135,201912
20191115,20191114,73,164120073,035755945,27681,N,1,136,201912
20191115,20191114,73,164120073,035755968,27657,N,7,137,201912
20191115,20191114,73,164120073,035756415,27648,N,10,138,201912
20191115,20191114,73,164120073,035800421,27632,N,10,139,201912
20191115,20191114,73,164120073,035805426,27655,N,10,140,201912
20191115,20191114,73,164120073,035826838,27657,N,10,141,201912
20191115,20191114,73,164120073,035949339,27670,N,1,142,201912
20191115,20191114,73,164120073,040103341,27686,N,1,143,201912
20191115,20191114,73,164120073,041758314,27708,N,5,144,201912
20191115,20191114,73,164120073,050126307,27715,N,1,145,201912
20191115,20191114,73,164120073,051804252,27714,E,10,146,201912
20191115,20191115,73,164120073,084501051,27734,O,1,147,201912
20191115,20191115,73,164120073,084603371,27732,N,1,148,201912
20191115,20191115,73,164120073,084605573,27733,N,1,149,201912
20191115,20191115,73,164120073,084715203,27732,N,2,150,201912
20191115,20191115,73,164120073,084826460,27734,N,1,151,201912
20191115,20191115,73,164120073,084925531,27733,N,1,152,201912
20191115,20191115,73,164120073,084925556,27734,N,1,153,201912
20191115,20191115,73,164120073,085847206,27745,N,1,154,201912
20191115,20191115,73,164120073,085847207,27749,N,1,155,201912
20191115,20191115,73,164120073,085956581,27743,N,1,156,201912
20191115,20191115,73,164120073,090042633,27743,N,1,157,201912
20191115,20191115,73,164120073,090834563,27743,N,5,158,201912
20191115,20191115,73,164120073,090853285,27743,N,5,159,201912
20191115,20191115,73,164120073,092249381,27735,N,1,160,201912
20191115,20191115,73,164120073,093222950,27748,N,2,161,201912
20191115,20191115,73,164120073,093526624,27750,N,1,162,201912
20191115,20191115,73,164120073,093741096,27770,N,1,163,201912
20191115,20191115,73,164120073,093741104,27788,N,2,164,201912
20191115,20191115,73,164120073,093741151,27782,N,10,165,201912
20191115,20191115,73,164120073,093824435,27788,N,1,166,201912
20191115,20191115,73,164120073,093836385,27784,N,1,167,201912
20191115,20191115,73,164120073,093845530,27782,N,1,168,201912
20191115,20191115,73,164120073,094006325,27777,N,1,169,201912
20191115,20191115,73,164120073,094056989,27780,N,1,170,201912
20191115,20191115,73,164120073,094208479,27780,N,1,171,201912
20191115,20191115,73,164120073,094256428,27782,N,5,172,201912
20191115,20191115,73,164120073,094350412,27783,N,1,173,201912
20191115,20191115,73,164120073,094357493,27785,N,1,174,201912
20191115,20191115,73,164120073,094646403,27799,N,1,175,201912
20191115,20191115,73,164120073,094646433,27798,N,11,176,201912
20191115,20191115,73,164120073,094820534,27794,N,1,177,201912
20191115,20191115,73,164120073,095013752,27796,N,1,178,201912
20191115,20191115,73,164120073,095025764,27800,N,10,179,201912
20191115,20191115,73,164120073,095025767,27817,N,1,180,201912
20191115,20191115,73,164120073,095025768,27817,N,2,181,201912
20191115,20191115,73,164120073,095025769,27817,N,3,182,201912
20191115,20191115,73,164120073,095025769,27817,N,1,183,201912
20191115,20191115,73,164120073,095025770,27818,N,4,184,201912
20191115,20191115,73,164120073,095025823,27819,N,1,185,201912
20191115,20191115,73,164120073,095629273,27822,N,10,186,201912
20191115,20191115,73,164120073,095629275,27823,N,20,187,201912
20191115,20191115,73,164120073,095646285,27818,N,10,188,201912
20191115,20191115,73,164120073,095646285,27817,N,10,189,201912
20191115,20191115,73,164120073,095646285,27816,N,10,190,201912
20191115,20191115,73,164120073,095817555,27821,N,20,191,201912
20191115,20191115,73,164120073,095825264,27825,N,1,192,201912
20191115,20191115,73,164120073,095844348,27830,N,1,193,201912
20191115,20191115,73,164120073,095844594,27836,N,1,194,201912
20191115,20191115,73,164120073,095936437,27833,N,1,195,201912
20191115,20191115,73,164120073,100002624,27834,N,1,196,201912
20191115,20191115,73,164120073,100334772,27823,N,10,197,201912
20191115,20191115,73,164120073,100347221,27823,N,1,198,201912
20191115,20191115,73,164120073,100539530,27829,N,31,199,201912
20191115,20191115,73,164120073,100539530,27830,N,10,200,201912
20191115,20191115,73,164120073,100540631,27830,N,9,201,201912
20191115,20191115,73,164120073,100727402,27835,N,1,202,201912
20191115,20191115,73,164120073,100929229,27835,N,1,203,201912
20191115,20191115,73,164120073,101200723,27830,N,5,204,201912
20191115,20191115,73,164120073,101330505,27828,N,9,205,201912
