Trade_Date,Make_Date,Index_Type,Security_Code,Time,Trade_Price,Price_Type,Trade_Volume,No,Contract_Month
20191202,20191129,73,164120073,163001046,28059,O,1,1,201912
20191202,20191129,73,164120073,171712560,28037,N,2,2,201912
20191202,20191129,73,164120073,171848515,28039,N,2,3,201912
20191202,20191129,73,164120073,173554829,28060,N,1,4,201912
20191202,20191129,73,164120073,173710737,28067,N,2,5,201912
20191202,20191129,73,164120073,174828155,28068,N,1,6,201912
20191202,20191129,73,164120073,174848614,28068,N,1,7,201912
20191202,20191129,73,164120073,174910607,28068,N,3,8,201912
20191202,20191129,73,164120073,175921720,28071,N,1,9,201912
20191202,20191129,73,164120073,175944621,28071,N,1,10,201912
20191202,20191129,73,164120073,180015828,28073,N,1,11,201912
20191202,20191129,73,164120073,180015829,28074,N,1,12,201912
20191202,20191129,73,164120073,181158855,28085,N,10,13,201912
20191202,20191129,73,164120073,181821301,28087,N,1,14,201912
20191202,20191129,73,164120073,184524972,28086,N,2,15,201912
20191202,20191129,73,164120073,201016127,28079,N,1,16,201912
20191202,20191129,73,164120073,201435766,28079,N,1,17,201912
20191202,20191129,73,164120073,201445289,28079,N,1,18,201912
20191202,20191129,73,164120073,203107823,28086,N,1,19,201912
20191202,20191129,73,164120073,212535509,28098,N,1,20,201912
20191202,20191129,73,164120073,230629089,28081,N,1,21,201912
20191202,20191129,73,164120073,232931045,28080,N,2,22,201912
20191202,20191129,73,164120073,233012349,28080,N,1,23,201912
20191202,20191129,73,164120073,233248289,28066,N,1,24,201912
20191202,20191129,73,164120073,233300258,28067,N,1,25,201912
20191202,20191129,73,164120073,234909907,28062,N,1,26,201912
20191202,20191129,73,164120073,000614255,28092,N,1,27,201912
20191202,20191129,73,164120073,000614258,28093,N,6,28,201912
20191202,20191129,73,164120073,000701791,28093,N,4,29,201912
20191202,20191129,73,164120073,002521115,28095,N,2,30,201912
20191202,20191129,73,164120073,012953674,28076,N,1,31,201912
20191202,20191129,73,164120073,015042231,28060,N,1,32,201912
20191202,20191129,73,164120073,024919997,28061,N,2,33,201912
20191202,20191129,73,164120073,025749687,28040,N,5,34,201912
20191202,20191129,73,164120073,034244440,28064,N,1,35,201912
20191202,20191129,73,164120073,045652313,28051,N,1,36,201912
20191202,20191129,73,164120073,053001019,28053,E,2,37,201912
20191202,20191202,73,164120073,084501050,28080,O,1,38,201912
20191202,20191202,73,164120073,090509360,28125,N,1,39,201912
20191202,20191202,73,164120073,090509363,28131,N,1,40,201912
20191202,20191202,73,164120073,090524971,28132,N,1,41,201912
20191202,20191202,73,164120073,090628436,28135,N,2,42,201912
20191202,20191202,73,164120073,090751070,28143,N,1,43,201912
20191202,20191202,73,164120073,090759524,28142,N,1,44,201912
20191202,20191202,73,164120073,090803023,28143,N,1,45,201912
20191202,20191202,73,164120073,090821259,28144,N,1,46,201912
20191202,20191202,73,164120073,090834305,28143,N,1,47,201912
20191202,20191202,73,164120073,090846716,28143,N,1,48,201912
20191202,20191202,73,164120073,090944564,28140,N,1,49,201912
20191202,20191202,73,164120073,090944655,28147,N,1,50,201912
20191202,20191202,73,164120073,090950272,28147,N,1,51,201912
20191202,20191202,73,164120073,091011446,28144,N,1,52,201912
20191202,20191202,73,164120073,091051353,28142,N,1,53,201912
20191202,20191202,73,164120073,091127488,28146,N,1,54,201912
20191202,20191202,73,164120073,091412488,28130,N,1,55,201912
20191202,20191202,73,164120073,091532203,28137,N,1,56,201912
20191202,20191202,73,164120073,092438986,28141,N,1,57,201912
20191202,20191202,73,164120073,092728728,28150,N,3,58,201912
20191202,20191202,73,164120073,093000671,28157,N,1,59,201912
20191202,20191202,73,164120073,093032685,28156,N,1,60,201912
20191202,20191202,73,164120073,093254543,28152,N,2,61,201912
20191202,20191202,73,164120073,093838534,28154,N,1,62,201912
20191202,20191202,73,164120073,100440329,28142,N,1,63,201912
20191202,20191202,73,164120073,100506275,28138,N,1,64,201912
20191202,20191202,73,164120073,104126117,28139,N,1,65,201912
20191202,20191202,73,164120073,104329252,28134,N,1,66,201912
20191202,20191202,73,164120073,120633775,28148,N,1,67,201912
20191202,20191202,73,164120073,124049008,28158,N,1,68,201912
20191202,20191202,73,164120073,124145614,28152,N,1,69,201912
20191202,20191202,73,164120073,124512011,28152,N,5,70,201912
20191202,20191202,73,164120073,125216557,28157,N,10,71,201912
20191202,20191202,73,164120073,134245422,28157,N,1,72,201912
20191202,20191202,73,164120073,140242086,28150,N,1,73,201912
20191202,20191202,73,164120073,140942483,28150,N,2,74,201912
20191202,20191202,73,164120073,145410106,28150,N,1,75,201912
20191202,20191202,73,164120073,145930788,28150,N,1,76,201912
20191202,20191202,73,164120073,151501008,28167,E,6,77,201912
20191202,20191129,73,165030073,024700895,28036,O,1,78,202003
20191202,20191202,73,165030073,084501050,28036,O,1,79,202003
20191202,20191202,73,165030073,091545077,28179,N,1,80,202003
20191202,20191202,73,165030073,092647396,28178,N,1,81,202003
20191202,20191202,73,165030073,124829577,28150,E,1,82,202003
20191202,20191202,73,165090073,090839895,27800,O,1,83,202009
20191203,20191202,73,164120073,163001046,28136,O,3,1,201912
20191203,20191202,73,164120073,164948374,28139,N,1,2,201912
20191203,20191202,73,164120073,170117515,28138,N,1,3,201912
20191203,20191202,73,164120073,170728669,28159,N,1,4,201912
20191203,20191202,73,164120073,172447094,28171,N,1,5,201912
20191203,20191202,73,164120073,174921938,28190,N,1,6,201912
20191203,20191202,73,164120073,174958442,28183,N,1,7,201912
20191203,20191202,73,164120073,175058918,28186,N,1,8,201912
20191203,20191202,73,164120073,185313289,28172,N,1,9,201912
20191203,20191202,73,164120073,185325015,28169,N,1,10,201912
20191203,20191202,73,164120073,194721529,28178,N,1,11,201912
20191203,20191202,73,164120073,200035732,28160,N,1,12,201912
20191203,20191202,73,164120073,201317954,28147,N,1,13,201912
20191203,20191202,73,164120073,201933077,28133,N,1,14,201912
20191203,20191202,73,164120073,201953701,28133,N,1,15,201912
20191203,20191202,73,164120073,204353644,28120,N,1,16,201912
20191203,20191202,73,164120073,210000498,28115,N,3,17,201912
20191203,20191202,73,164120073,210020058,28115,N,3,18,201912
20191203,20191202,73,164120073,210055472,28115,N,2,19,201912
20191203,20191202,73,164120073,210059185,28115,N,1,20,201912
20191203,20191202,73,164120073,210322144,28119,N,1,21,201912
20191203,20191202,73,164120073,212018876,28121,N,7,22,201912
20191203,20191202,73,164120073,212545367,28109,N,1,23,201912
20191203,20191202,73,164120073,213435354,28119,N,1,24,201912
20191203,20191202,73,164120073,213536949,28117,N,1,25,201912
20191203,20191202,73,164120073,214358106,28107,N,3,26,201912
20191203,20191202,73,164120073,220833551,28108,N,1,27,201912
20191203,20191202,73,164120073,221521242,28106,N,2,28,201912
20191203,20191202,73,164120073,221526021,28101,N,1,29,201912
20191203,20191202,73,164120073,221755441,28085,N,1,30,201912
20191203,20191202,73,164120073,222327430,28092,N,1,31,201912
20191203,20191202,73,164120073,222920209,28087,N,2,32,201912
20191203,20191202,73,164120073,223709293,28080,N,1,33,201912
20191203,20191202,73,164120073,224836232,28077,N,1,34,201912
20191203,20191202,73,164120073,225709655,28098,N,1,35,201912
20191203,20191202,73,164120073,232816538,28098,N,1,36,201912
20191203,20191202,73,164120073,233130914,28077,N,1,37,201912
20191203,20191202,73,164120073,233222331,28075,N,2,38,201912
20191203,20191202,73,164120073,233335993,28073,N,10,39,201912
20191203,20191202,73,164120073,233839548,28047,N,1,40,201912
20191203,20191202,73,164120073,233937865,28024,N,1,41,201912
20191203,20191202,73,164120073,233937868,28020,N,11,42,201912
20191203,20191202,73,164120073,233937874,28010,N,1,43,201912
20191203,20191202,73,164120073,233937894,28000,N,1,44,201912
20191203,20191202,73,164120073,233937895,27998,N,1,45,201912
20191203,20191202,73,164120073,234359837,28025,N,1,46,201912
20191203,20191202,73,164120073,234411414,28019,N,1,47,201912
20191203,20191202,73,164120073,235827149,28001,N,1,48,201912
20191203,20191202,73,164120073,235909077,28000,N,1,49,201912
20191203,20191202,73,164120073,000209364,27950,N,12,50,201912
20191203,20191202,73,164120073,000209367,27945,N,1,51,201912
20191203,20191202,73,164120073,000210270,27939,N,2,52,201912
20191203,20191202,73,164120073,000210284,27940,N,1,53,201912
20191203,20191202,73,164120073,000210300,27940,N,1,54,201912
20191203,20191202,73,164120073,000217753,27937,N,1,55,201912
20191203,20191202,73,164120073,000302697,27924,N,4,56,201912
20191203,20191202,73,164120073,000318279,27938,N,2,57,201912
20191203,20191202,73,164120073,000332317,27939,N,1,58,201912
20191203,20191202,73,164120073,000418974,27924,N,2,59,201912
20191203,20191202,73,164120073,000433464,27922,N,1,60,201912
20191203,20191202,73,164120073,000551488,27891,N,1,61,201912
20191203,20191202,73,164120073,000642363,27900,N,1,62,201912
20191203,20191202,73,164120073,000652440,27898,N,1,63,201912
20191203,20191202,73,164120073,000714012,27902,N,1,64,201912
20191203,20191202,73,164120073,000828320,27910,N,1,65,201912
20191203,20191202,73,164120073,000846913,27911,N,1,66,201912
20191203,20191202,73,164120073,000911875,27905,N,1,67,201912
20191203,20191202,73,164120073,000919454,27913,N,1,68,201912
20191203,20191202,73,164120073,001342215,27928,N,10,69,201912
20191203,20191202,73,164120073,002004372,27906,N,2,70,201912
20191203,20191202,73,164120073,002138009,27905,N,10,71,201912
20191203,20191202,73,164120073,002149676,27910,N,4,72,201912
20191203,20191202,73,164120073,002245450,27906,N,1,73,201912
20191203,20191202,73,164120073,002346663,27905,N,1,74,201912
20191203,20191202,73,164120073,002511290,27885,N,1,75,201912
20191203,20191202,73,164120073,002531523,27895,N,3,76,201912
20191203,20191202,73,164120073,002535489,27900,N,23,77,201912
20191203,20191202,73,164120073,003201631,27869,N,4,78,201912
20191203,20191202,73,164120073,003513839,27880,N,1,79,201912
20191203,20191202,73,164120073,003524160,27865,N,6,80,201912
20191203,20191202,73,164120073,003615381,27850,N,1,81,201912
20191203,20191202,73,164120073,003615386,27838,N,1,82,201912
20191203,20191202,73,164120073,003657546,27850,N,32,83,201912
20191203,20191202,73,164120073,003659006,27850,N,8,84,201912
20191203,20191202,73,164120073,003701578,27850,N,11,85,201912
20191203,20191202,73,164120073,003723896,27859,N,16,86,201912
20191203,20191202,73,164120073,003723942,27859,N,10,87,201912
20191203,20191202,73,164120073,003724025,27859,N,22,88,201912
20191203,20191202,73,164120073,003724150,27859,N,2,89,201912
20191203,20191202,73,164120073,003745286,27869,N,22,90,201912
20191203,20191202,73,164120073,003750636,27869,N,28,91,201912
20191203,20191202,73,164120073,003753346,27876,N,1,92,201912
20191203,20191202,73,164120073,003816204,27882,N,1,93,201912
20191203,20191202,73,164120073,004241360,27890,N,6,94,201912
20191203,20191202,73,164120073,004241438,27890,N,4,95,201912
20191203,20191202,73,164120073,005835897,27830,N,1,96,201912
20191203,20191202,73,164120073,005921912,27832,N,1,97,201912
20191203,20191202,73,164120073,010309451,27823,N,1,98,201912
20191203,20191202,73,164120073,010417605,27801,N,10,99,201912
20191203,20191202,73,164120073,010437074,27815,N,1,100,201912
20191203,20191202,73,164120073,010526098,27805,N,1,101,201912
20191203,20191202,73,164120073,010816241,27812,N,21,102,201912
20191203,20191202,73,164120073,011030613,27801,N,1,103,201912
20191203,20191202,73,164120073,011030683,27800,N,1,104,201912
20191203,20191202,73,164120073,011815529,27811,N,5,105,201912
20191203,20191202,73,164120073,012142888,27832,N,2,106,201912
20191203,20191202,73,164120073,012424046,27833,N,20,107,201912
20191203,20191202,73,164120073,012614574,27843,N,1,108,201912
20191203,20191202,73,164120073,013114299,27820,N,11,109,201912
20191203,20191202,73,164120073,013115448,27820,N,8,110,201912
20191203,20191202,73,164120073,013248192,27810,N,11,111,201912
20191203,20191202,73,164120073,013248192,27811,N,10,112,201912
20191203,20191202,73,164120073,013248215,27811,N,8,113,201912
20191203,20191202,73,164120073,013305353,27800,N,1,114,201912
20191203,20191202,73,164120073,013307696,27800,N,29,115,201912
20191203,20191202,73,164120073,014046044,27815,N,10,116,201912
20191203,20191202,73,164120073,014734196,27811,N,2,117,201912
20191203,20191202,73,164120073,021326249,27859,N,1,118,201912
20191203,20191202,73,164120073,021605755,27850,N,1,119,201912
20191203,20191202,73,164120073,022808045,27790,N,5,120,201912
20191203,20191202,73,164120073,031519932,27831,N,1,121,201912
20191203,20191202,73,164120073,045655200,27850,N,1,122,201912
20191203,20191202,73,164120073,045814215,27850,N,11,123,201912
20191203,20191202,73,164120073,045816035,27850,N,9,124,201912
20191203,20191202,73,164120073,051843320,27822,N,2,125,201912
20191203,20191202,73,164120073,053001020,27784,E,4,126,201912
20191203,20191203,73,164120073,084501051,27758,O,6,127,201912
20191203,20191203,73,164120073,084642255,27750,N,3,128,201912
20191203,20191203,73,164120073,084840559,27765,N,1,129,201912
20191203,20191203,73,164120073,085026924,27762,N,1,130,201912
20191203,20191203,73,164120073,085530835,27769,N,1,131,201912
20191203,20191203,73,164120073,085558620,27769,N,10,132,201912
20191203,20191203,73,164120073,085601599,27764,N,1,133,201912
20191203,20191203,73,164120073,085923407,27765,N,1,134,201912
20191203,20191203,73,164120073,090103823,27759,N,1,135,201912
20191203,20191203,73,164120073,090230648,27745,N,1,136,201912
20191203,20191203,73,164120073,090611171,27755,N,10,137,201912
20191203,20191203,73,164120073,090757559,27764,N,6,138,201912
20191203,20191203,73,164120073,091411183,27765,N,1,139,201912
20191203,20191203,73,164120073,091945455,27772,N,1,140,201912
20191203,20191203,73,164120073,092009626,27768,N,2,141,201912
20191203,20191203,73,164120073,093206720,27784,N,2,142,201912
20191203,20191203,73,164120073,093221002,27790,N,10,143,201912
20191203,20191203,73,164120073,093221002,27791,N,13,144,201912
20191203,20191203,73,164120073,093319763,27802,N,1,145,201912
20191203,20191203,73,164120073,094817052,27794,N,1,146,201912
20191203,20191203,73,164120073,100200086,27805,N,1,147,201912
20191203,20191203,73,164120073,101205697,27812,N,1,148,201912
20191203,20191203,73,164120073,101215614,27811,N,1,149,201912
20191203,20191203,73,164120073,101332589,27809,N,1,150,201912
20191203,20191203,73,164120073,102818998,27799,N,1,151,201912
20191203,20191203,73,164120073,121535779,27815,N,1,152,201912
20191203,20191203,73,164120073,122034326,27815,N,1,153,201912
20191203,20191203,73,164120073,122343803,27815,N,1,154,201912
20191203,20191203,73,164120073,125111570,27833,N,1,155,201912
20191203,20191203,73,164120073,125513674,27832,N,2,156,201912
20191203,20191203,73,164120073,130305695,27834,N,1,157,201912
20191203,20191203,73,164120073,131403121,27833,N,1,158,201912
20191203,20191203,73,164120073,131541515,27832,N,2,159,201912
20191203,20191203,73,164120073,132747387,27831,N,1,160,201912
20191203,20191203,73,164120073,133755478,27838,N,1,161,201912
20191203,20191203,73,164120073,134451613,27831,N,1,162,201912
20191203,20191203,73,164120073,135453911,27825,N,1,163,201912
20191203,20191203,73,164120073,135453911,27824,N,4,164,201912
20191203,20191203,73,164120073,140201682,27824,N,2,165,201912
20191203,20191203,73,164120073,140201682,27822,N,3,166,201912
20191203,20191203,73,164120073,141420778,27825,N,1,167,201912
20191203,20191203,73,164120073,144521891,27822,N,1,168,201912
20191203,20191203,73,164120073,151501008,27814,E,2,169,201912
20191203,20191202,73,165030073,195100217,28105,O,1,170,202003
20191203,20191202,73,165030073,213241709,28105,N,2,171,202003
20191203,20191202,73,165030073,000308823,27910,N,3,172,202003
20191203,20191202,73,165030073,000308823,27900,N,3,173,202003
20191203,20191202,73,165030073,002445477,27900,N,1,174,202003
20191203,20191202,73,165030073,005817820,27800,N,1,175,202003
20191203,20191202,73,165030073,005839787,27800,N,1,176,202003
20191203,20191202,73,165030073,010129604,27800,N,1,177,202003
20191203,20191202,73,165030073,010559468,27870,N,1,178,202003
20191203,20191202,73,165030073,020419391,27730,N,1,179,202003
20191203,20191202,73,165030073,052306622,27730,E,1,180,202003
20191203,20191203,73,165030073,085229918,27720,O,1,181,202003
20191203,20191203,73,165030073,102549100,27780,N,1,182,202003
20191203,20191203,73,165030073,121606202,27830,N,1,183,202003
20191203,20191203,73,165030073,131448525,27778,N,1,184,202003
20191203,20191203,73,165030073,133230499,27850,E,1,185,202003
20191203,20191202,73,165060073,010420676,27750,O,2,186,202006
20191204,20191203,73,164120073,163001045,27813,O,4,1,201912
20191204,20191203,73,164120073,163149971,27822,N,1,2,201912
20191204,20191203,73,164120073,163225384,27808,N,1,3,201912
20191204,20191203,73,164120073,163711329,27811,N,1,4,201912
20191204,20191203,73,164120073,164100657,27810,N,3,5,201912
20191204,20191203,73,164120073,164206111,27808,N,1,6,201912
20191204,20191203,73,164120073,164426096,27810,N,1,7,201912
20191204,20191203,73,164120073,180453707,27835,N,1,8,201912
20191204,20191203,73,164120073,184026299,27809,N,1,9,201912
20191204,20191203,73,164120073,184921905,27786,N,1,10,201912
20191204,20191203,73,164120073,191032355,27786,N,1,11,201912
20191204,20191203,73,164120073,191100548,27780,N,1,12,201912
20191204,20191203,73,164120073,191258420,27750,N,1,13,201912
20191204,20191203,73,164120073,191323291,27738,N,2,14,201912
20191204,20191203,73,164120073,191742473,27700,N,1,15,201912
20191204,20191203,73,164120073,191742476,27694,N,1,16,201912
20191204,20191203,73,164120073,192039951,27694,N,10,17,201912
20191204,20191203,73,164120073,192254086,27677,N,1,18,201912
20191204,20191203,73,164120073,192410419,27690,N,11,19,201912
20191204,20191203,73,164120073,193146693,27666,N,1,20,201912
20191204,20191203,73,164120073,193146696,27665,N,1,21,201912
20191204,20191203,73,164120073,193255622,27674,N,1,22,201912
20191204,20191203,73,164120073,193356179,27683,N,1,23,201912
20191204,20191203,73,164120073,193538772,27679,N,1,24,201912
20191204,20191203,73,164120073,193550389,27676,N,1,25,201912
20191204,20191203,73,164120073,193606884,27668,N,1,26,201912
20191204,20191203,73,164120073,193911099,27680,N,1,27,201912
20191204,20191203,73,164120073,193954444,27666,N,1,28,201912
20191204,20191203,73,164120073,194032612,27667,N,1,29,201912
20191204,20191203,73,164120073,194044754,27661,N,1,30,201912
20191204,20191203,73,164120073,194208281,27671,N,1,31,201912
20191204,20191203,73,164120073,194230484,27673,N,1,32,201912
20191204,20191203,73,164120073,194339117,27669,N,1,33,201912
20191204,20191203,73,164120073,194425456,27672,N,1,34,201912
20191204,20191203,73,164120073,194449402,27671,N,1,35,201912
20191204,20191203,73,164120073,194508504,27671,N,1,36,201912
20191204,20191203,73,164120073,194536548,27672,N,1,37,201912
20191204,20191203,73,164120073,194615172,27673,N,2,38,201912
20191204,20191203,73,164120073,194639038,27671,N,2,39,201912
20191204,20191203,73,164120073,194743771,27665,N,3,40,201912
20191204,20191203,73,164120073,195112362,27669,N,2,41,201912
20191204,20191203,73,164120073,195113794,27670,N,9,42,201912
20191204,20191203,73,164120073,195229885,27673,N,1,43,201912
20191204,20191203,73,164120073,195306418,27670,N,1,44,201912
20191204,20191203,73,164120073,195318671,27669,N,1,45,201912
20191204,20191203,73,164120073,195358508,27672,N,1,46,201912
20191204,20191203,73,164120073,195412668,27671,N,1,47,201912
20191204,20191203,73,164120073,195428528,27671,N,1,48,201912
20191204,20191203,73,164120073,195431471,27672,N,1,49,201912
20191204,20191203,73,164120073,195620908,27672,N,2,50,201912
20191204,20191203,73,164120073,200043231,27677,N,1,51,201912
20191204,20191203,73,164120073,200941671,27679,N,1,52,201912
20191204,20191203,73,164120073,202137441,27677,N,1,53,201912
20191204,20191203,73,164120073,202400290,27695,N,10,54,201912
20191204,20191203,73,164120073,202400292,27695,N,10,55,201912
20191204,20191203,73,164120073,203056423,27693,N,1,56,201912
20191204,20191203,73,164120073,204816908,27696,N,1,57,201912
20191204,20191203,73,164120073,205001749,27690,N,1,58,201912
20191204,20191203,73,164120073,205151443,27693,N,1,59,201912
20191204,20191203,73,164120073,210809447,27685,N,7,60,201912
20191204,20191203,73,164120073,210826802,27687,N,4,61,201912
20191204,20191203,73,164120073,210826818,27687,N,2,62,201912
20191204,20191203,73,164120073,210826831,27687,N,9,63,201912
20191204,20191203,73,164120073,210826844,27689,N,8,64,201912
20191204,20191203,73,164120073,210826864,27689,N,5,65,201912
20191204,20191203,73,164120073,210826883,27690,N,1,66,201912
20191204,20191203,73,164120073,210826902,27690,N,7,67,201912
20191204,20191203,73,164120073,210826922,27693,N,5,68,201912
20191204,20191203,73,164120073,210826944,27692,N,1,69,201912
20191204,20191203,73,164120073,210826958,27692,N,5,70,201912
20191204,20191203,73,164120073,211039500,27681,N,1,71,201912
20191204,20191203,73,164120073,211407297,27681,N,6,72,201912
20191204,20191203,73,164120073,211432568,27677,N,1,73,201912
20191204,20191203,73,164120073,211454746,27678,N,16,74,201912
20191204,20191203,73,164120073,211454756,27678,N,10,75,201912
20191204,20191203,73,164120073,211515800,27676,N,1,76,201912
20191204,20191203,73,164120073,211616496,27676,N,5,77,201912
20191204,20191203,73,164120073,212340426,27672,N,2,78,201912
20191204,20191203,73,164120073,213540423,27678,N,1,79,201912
20191204,20191203,73,164120073,213806549,27672,N,1,80,201912
20191204,20191203,73,164120073,214434881,27650,N,2,81,201912
20191204,20191203,73,164120073,214623559,27630,N,1,82,201912
20191204,20191203,73,164120073,215238262,27600,N,5,83,201912
20191204,20191203,73,164120073,215238265,27600,N,5,84,201912
20191204,20191203,73,164120073,215238265,27600,N,1,85,201912
20191204,20191203,73,164120073,215238265,27598,N,1,86,201912
20191204,20191203,73,164120073,215307542,27598,N,1,87,201912
20191204,20191203,73,164120073,215404325,27592,N,5,88,201912
20191204,20191203,73,164120073,215952660,27607,N,1,89,201912
20191204,20191203,73,164120073,220108923,27606,N,1,90,201912
20191204,20191203,73,164120073,220127898,27605,N,1,91,201912
20191204,20191203,73,164120073,220143342,27604,N,1,92,201912
20191204,20191203,73,164120073,220307417,27607,N,1,93,201912
20191204,20191203,73,164120073,220329174,27606,N,1,94,201912
20191204,20191203,73,164120073,220412722,27609,N,1,95,201912
20191204,20191203,73,164120073,220451561,27614,N,2,96,201912
20191204,20191203,73,164120073,220539425,27609,N,1,97,201912
20191204,20191203,73,164120073,220652219,27610,N,2,98,201912
20191204,20191203,73,164120073,220707305,27605,N,1,99,201912
20191204,20191203,73,164120073,220737357,27605,N,3,100,201912
20191204,20191203,73,164120073,220757827,27603,N,2,101,201912
20191204,20191203,73,164120073,220922056,27595,N,7,102,201912
20191204,20191203,73,164120073,220944107,27599,N,1,103,201912
20191204,20191203,73,164120073,221007683,27593,N,3,104,201912
20191204,20191203,73,164120073,221048737,27590,N,1,105,201912
20191204,20191203,73,164120073,221111456,27583,N,1,106,201912
20191204,20191203,73,164120073,221112262,27580,N,5,107,201912
20191204,20191203,73,164120073,221135395,27568,N,1,108,201912
20191204,20191203,73,164120073,221151761,27567,N,1,109,201912
20191204,20191203,73,164120073,221230465,27567,N,1,110,201912
20191204,20191203,73,164120073,221243332,27567,N,1,111,201912
20191204,20191203,73,164120073,221308020,27574,N,6,112,201912
20191204,20191203,73,164120073,221409887,27566,N,6,113,201912
20191204,20191203,73,164120073,221435492,27565,N,2,114,201912
20191204,20191203,73,164120073,221506377,27565,N,5,115,201912
20191204,20191203,73,164120073,221549292,27565,N,1,116,201912
20191204,20191203,73,164120073,221551729,27564,N,1,117,201912
20191204,20191203,73,164120073,221605904,27560,N,1,118,201912
20191204,20191203,73,164120073,221606742,27560,N,10,119,201912
20191204,20191203,73,164120073,221606753,27560,N,1,120,201912
20191204,20191203,73,164120073,221606753,27561,N,10,121,201912
20191204,20191203,73,164120073,221723357,27550,N,1,122,201912
20191204,20191203,73,164120073,221814218,27549,N,2,123,201912
20191204,20191203,73,164120073,221925863,27545,N,3,124,201912
20191204,20191203,73,164120073,222049218,27560,N,1,125,201912
20191204,20191203,73,164120073,222418733,27550,N,2,126,201912
20191204,20191203,73,164120073,222707913,27540,N,6,127,201912
20191204,20191203,73,164120073,222713245,27540,N,6,128,201912
20191204,20191203,73,164120073,222715915,27540,N,1,129,201912
20191204,20191203,73,164120073,222849792,27549,N,1,130,201912
20191204,20191203,73,164120073,222920410,27549,N,1,131,201912
20191204,20191203,73,164120073,222936737,27550,N,1,132,201912
20191204,20191203,73,164120073,222939812,27552,N,1,133,201912
20191204,20191203,73,164120073,222953286,27554,N,1,134,201912
20191204,20191203,73,164120073,223007771,27552,N,1,135,201912
20191204,20191203,73,164120073,223240879,27543,N,1,136,201912
20191204,20191203,73,164120073,223321495,27535,N,1,137,201912
20191204,20191203,73,164120073,224019932,27533,N,2,138,201912
20191204,20191203,73,164120073,224449024,27542,N,1,139,201912
20191204,20191203,73,164120073,224617130,27543,N,5,140,201912
20191204,20191203,73,164120073,225157047,27530,N,1,141,201912
20191204,20191203,73,164120073,225534932,27530,N,1,142,201912
20191204,20191203,73,164120073,225719620,27511,N,10,143,201912
20191204,20191203,73,164120073,225719756,27510,N,6,144,201912
20191204,20191203,73,164120073,230043992,27513,N,5,145,201912
20191204,20191203,73,164120073,230058152,27507,N,1,146,201912
20191204,20191203,73,164120073,230135792,27505,N,1,147,201912
20191204,20191203,73,164120073,230414910,27501,N,1,148,201912
20191204,20191203,73,164120073,230414910,27500,N,6,149,201912
20191204,20191203,73,164120073,230414912,27500,N,2,150,201912
20191204,20191203,73,164120073,230415481,27500,N,4,151,201912
20191204,20191203,73,164120073,230439332,27495,N,1,152,201912
20191204,20191203,73,164120073,230725146,27497,N,10,153,201912
20191204,20191203,73,164120073,231520386,27497,N,20,154,201912
20191204,20191203,73,164120073,231904238,27475,N,1,155,201912
20191204,20191203,73,164120073,232019926,27477,N,5,156,201912
20191204,20191203,73,164120073,232227209,27470,N,1,157,201912
20191204,20191203,73,164120073,232508443,27464,N,1,158,201912
20191204,20191203,73,164120073,232521456,27466,N,1,159,201912
20191204,20191203,73,164120073,232804461,27489,N,11,160,201912
20191204,20191203,73,164120073,232804461,27490,N,9,161,201912
20191204,20191203,73,164120073,232841803,27498,N,2,162,201912
20191204,20191203,73,164120073,232850804,27497,N,1,163,201912
20191204,20191203,73,164120073,232852620,27496,N,1,164,201912
20191204,20191203,73,164120073,232903641,27494,N,2,165,201912
20191204,20191203,73,164120073,232916501,27492,N,1,166,201912
20191204,20191203,73,164120073,232923239,27494,N,1,167,201912
20191204,20191203,73,164120073,232933866,27501,N,1,168,201912
20191204,20191203,73,164120073,232943619,27499,N,1,169,201912
20191204,20191203,73,164120073,232953039,27495,N,1,170,201912
20191204,20191203,73,164120073,233000231,27491,N,10,171,201912
20191204,20191203,73,164120073,233000234,27490,N,5,172,201912
20191204,20191203,73,164120073,233000905,27480,N,1,173,201912
20191204,20191203,73,164120073,233003219,27477,N,2,174,201912
20191204,20191203,73,164120073,233013950,27474,N,1,175,201912
20191204,20191203,73,164120073,233024899,27472,N,3,176,201912
20191204,20191203,73,164120073,233030869,27474,N,1,177,201912
20191204,20191203,73,164120073,233036856,27466,N,1,178,201912
20191204,20191203,73,164120073,233046623,27467,N,2,179,201912
20191204,20191203,73,164120073,233109309,27450,N,1,180,201912
20191204,20191203,73,164120073,233119686,27449,N,1,181,201912
20191204,20191203,73,164120073,233130263,27447,N,1,182,201912
20191204,20191203,73,164120073,233218741,27447,N,10,183,201912
20191204,20191203,73,164120073,233333734,27434,N,1,184,201912
20191204,20191203,73,164120073,233344915,27447,N,1,185,201912
20191204,20191203,73,164120073,233349852,27448,N,1,186,201912
20191204,20191203,73,164120073,233450032,27486,N,5,187,201912
20191204,20191203,73,164120073,233634224,27503,N,5,188,201912
20191204,20191203,73,164120073,233710699,27485,N,1,189,201912
20191204,20191203,73,164120073,233716766,27475,N,1,190,201912
20191204,20191203,73,164120073,233728962,27471,N,3,191,201912
20191204,20191203,73,164120073,233912878,27473,N,1,192,201912
20191204,20191203,73,164120073,233913286,27483,N,1,193,201912
20191204,20191203,73,164120073,233920543,27477,N,1,194,201912
20191204,20191203,73,164120073,234100647,27432,N,5,195,201912
20191204,20191203,73,164120073,234205212,27438,N,1,196,201912
20191204,20191203,73,164120073,234210210,27432,N,4,197,201912
20191204,20191203,73,164120073,234237903,27430,N,1,198,201912
20191204,20191203,73,164120073,234352790,27455,N,2,199,201912
20191204,20191203,73,164120073,234352969,27455,N,3,200,201912
20191204,20191203,73,164120073,234504719,27431,N,16,201,201912
20191204,20191203,73,164120073,234506329,27430,N,1,202,201912
20191204,20191203,73,164120073,234558107,27418,N,5,203,201912
20191204,20191203,73,164120073,234603132,27430,N,5,204,201912
20191204,20191203,73,164120073,234628594,27438,N,1,205,201912
20191204,20191203,73,164120073,234643727,27438,N,6,206,201912
20191204,20191203,73,164120073,234643848,27438,N,4,207,201912
20191204,20191203,73,164120073,234754294,27420,N,5,208,201912
20191204,20191203,73,164120073,234755151,27400,N,2,209,201912
20191204,20191203,73,164120073,234756336,27407,N,11,210,201912
20191204,20191203,73,164120073,234800368,27409,N,10,211,201912
20191204,20191203,73,164120073,234809004,27398,N,11,212,201912
20191204,20191203,73,164120073,234813839,27380,N,1,213,201912
20191204,20191203,73,164120073,234813842,27365,N,3,214,201912
20191204,20191203,73,164120073,234850577,27371,N,5,215,201912
20191204,20191203,73,164120073,234934884,27369,N,5,216,201912
20191204,20191203,73,164120073,235008750,27363,N,5,217,201912
20191204,20191203,73,164120073,235012195,27350,N,1,218,201912
20191204,20191203,73,164120073,235017518,27345,N,5,219,201912
20191204,20191203,73,164120073,235024438,27351,N,1,220,201912
20191204,20191203,73,164120073,235030039,27347,N,1,221,201912
20191204,20191203,73,164120073,235044462,27351,N,1,222,201912
20191204,20191203,73,164120073,235058453,27371,N,5,223,201912
20191204,20191203,73,164120073,235139687,27372,N,5,224,201912
20191204,20191203,73,164120073,235202787,27372,N,1,225,201912
20191204,20191203,73,164120073,235209187,27369,N,1,226,201912
20191204,20191203,73,164120073,235218052,27371,N,2,227,201912
20191204,20191203,73,164120073,235301301,27375,N,1,228,201912
20191204,20191203,73,164120073,235316801,27366,N,5,229,201912
20191204,20191203,73,164120073,235345687,27382,N,1,230,201912
20191204,20191203,73,164120073,235353597,27383,N,1,231,201912
20191204,20191203,73,164120073,235409246,27381,N,1,232,201912
20191204,20191203,73,164120073,235420308,27381,N,1,233,201912
20191204,20191203,73,164120073,235441500,27388,N,1,234,201912
20191204,20191203,73,164120073,235457006,27392,N,1,235,201912
20191204,20191203,73,164120073,235523514,27370,N,1,236,201912
20191204,20191203,73,164120073,235652508,27399,N,6,237,201912
20191204,20191203,73,164120073,235653230,27395,N,1,238,201912
20191204,20191203,73,164120073,235826238,27406,N,1,239,201912
20191204,20191203,73,164120073,235835619,27403,N,1,240,201912
20191204,20191203,73,164120073,235846230,27407,N,5,241,201912
20191204,20191203,73,164120073,000025096,27407,N,1,242,201912
20191204,20191203,73,164120073,000154824,27395,N,1,243,201912
20191204,20191203,73,164120073,000158232,27395,N,1,244,201912
20191204,20191203,73,164120073,000209234,27396,N,1,245,201912
20191204,20191203,73,164120073,000214136,27393,N,1,246,201912
20191204,20191203,73,164120073,000218863,27384,N,1,247,201912
20191204,20191203,73,164120073,000228056,27400,N,1,248,201912
20191204,20191203,73,164120073,000334416,27393,N,1,249,201912
20191204,20191203,73,164120073,000523335,27380,N,1,250,201912
20191204,20191203,73,164120073,000546815,27386,N,3,251,201912
20191204,20191203,73,164120073,000607711,27382,N,2,252,201912
20191204,20191203,73,164120073,000627246,27390,N,1,253,201912
20191204,20191203,73,164120073,000828124,27365,N,2,254,201912
20191204,20191203,73,164120073,000918150,27360,N,5,255,201912
20191204,20191203,73,164120073,001007555,27350,N,1,256,201912
20191204,20191203,73,164120073,001007679,27349,N,1,257,201912
20191204,20191203,73,164120073,001103313,27350,N,3,258,201912
20191204,20191203,73,164120073,001419520,27353,N,1,259,201912
20191204,20191203,73,164120073,001656693,27373,N,1,260,201912
20191204,20191203,73,164120073,001708440,27377,N,1,261,201912
20191204,20191203,73,164120073,001732535,27398,N,1,262,201912
20191204,20191203,73,164120073,001732535,27404,N,1,263,201912
20191204,20191203,73,164120073,001747294,27395,N,1,264,201912
20191204,20191203,73,164120073,001749124,27392,N,1,265,201912
20191204,20191203,73,164120073,001759975,27395,N,1,266,201912
20191204,20191203,73,164120073,001907935,27397,N,1,267,201912
20191204,20191203,73,164120073,001925494,27404,N,5,268,201912
20191204,20191203,73,164120073,002009672,27400,N,1,269,201912
20191204,20191203,73,164120073,002145046,27389,N,5,270,201912
20191204,20191203,73,164120073,002233777,27395,N,1,271,201912
20191204,20191203,73,164120073,002822468,27365,N,5,272,201912
20191204,20191203,73,164120073,002827123,27364,N,1,273,201912
20191204,20191203,73,164120073,002939987,27367,N,1,274,201912
20191204,20191203,73,164120073,003203635,27376,N,2,275,201912
20191204,20191203,73,164120073,003447903,27387,N,3,276,201912
20191204,20191203,73,164120073,003508571,27386,N,25,277,201912
20191204,20191203,73,164120073,003511219,27380,N,5,278,201912
20191204,20191203,73,164120073,003512549,27377,N,10,279,201912
20191204,20191203,73,164120073,003512619,27377,N,1,280,201912
20191204,20191203,73,164120073,003518886,27377,N,10,281,201912
20191204,20191203,73,164120073,003624013,27363,N,1,282,201912
20191204,20191203,73,164120073,003625792,27370,N,1,283,201912
20191204,20191203,73,164120073,003710450,27365,N,1,284,201912
20191204,20191203,73,164120073,003710491,27365,N,10,285,201912
20191204,20191203,73,164120073,003811114,27357,N,1,286,201912
20191204,20191203,73,164120073,003923020,27370,N,1,287,201912
20191204,20191203,73,164120073,004034783,27368,N,5,288,201912
20191204,20191203,73,164120073,004136259,27352,N,1,289,201912
20191204,20191203,73,164120073,004302009,27371,N,2,290,201912
20191204,20191203,73,164120073,004349927,27371,N,10,291,201912
20191204,20191203,73,164120073,004615259,27380,N,10,292,201912
20191204,20191203,73,164120073,004615259,27381,N,10,293,201912
20191204,20191203,73,164120073,004810854,27353,N,10,294,201912
20191204,20191203,73,164120073,004931511,27325,N,1,295,201912
20191204,20191203,73,164120073,004931513,27325,N,4,296,201912
20191204,20191203,73,164120073,004945209,27320,N,1,297,201912
20191204,20191203,73,164120073,005021819,27314,N,1,298,201912
20191204,20191203,73,164120073,005022243,27310,N,1,299,201912
20191204,20191203,73,164120073,005049708,27316,N,1,300,201912
20191204,20191203,73,164120073,005054888,27314,N,1,301,201912
20191204,20191203,73,164120073,005128220,27324,N,10,302,201912
20191204,20191203,73,164120073,005411198,27320,N,1,303,201912
20191204,20191203,73,164120073,005412272,27329,N,1,304,201912
20191204,20191203,73,164120073,005431547,27336,N,4,305,201912
20191204,20191203,73,164120073,005507221,27330,N,1,306,201912
20191204,20191203,73,164120073,005514862,27329,N,1,307,201912
20191204,20191203,73,164120073,005825268,27342,N,1,308,201912
20191204,20191203,73,164120073,005842166,27348,N,3,309,201912
20191204,20191203,73,164120073,005846439,27349,N,3,310,201912
20191204,20191203,73,164120073,005900488,27346,N,1,311,201912
20191204,20191203,73,164120073,005902823,27347,N,6,312,201912
20191204,20191203,73,164120073,005906280,27348,N,1,313,201912
20191204,20191203,73,164120073,005908081,27345,N,1,314,201912
20191204,20191203,73,164120073,005912855,27343,N,1,315,201912
20191204,20191203,73,164120073,010032359,27334,N,3,316,201912
20191204,20191203,73,164120073,010302615,27317,N,2,317,201912
20191204,20191203,73,164120073,010416026,27320,N,5,318,201912
20191204,20191203,73,164120073,010559967,27333,N,1,319,201912
20191204,20191203,73,164120073,010628420,27331,N,1,320,201912
20191204,20191203,73,164120073,010654525,27335,N,2,321,201912
20191204,20191203,73,164120073,010715667,27337,N,1,322,201912
20191204,20191203,73,164120073,011014902,27355,N,1,323,201912
20191204,20191203,73,164120073,011157649,27352,N,1,324,201912
20191204,20191203,73,164120073,011236213,27353,N,5,325,201912
20191204,20191203,73,164120073,011300208,27368,N,5,326,201912
20191204,20191203,73,164120073,011404355,27384,N,1,327,201912
20191204,20191203,73,164120073,011418679,27381,N,1,328,201912
20191204,20191203,73,164120073,011435560,27378,N,1,329,201912
20191204,20191203,73,164120073,011615391,27376,N,11,330,201912
20191204,20191203,73,164120073,011644544,27381,N,1,331,201912
20191204,20191203,73,164120073,011717309,27382,N,1,332,201912
20191204,20191203,73,164120073,011745979,27375,N,4,333,201912
20191204,20191203,73,164120073,011753891,27377,N,1,334,201912
20191204,20191203,73,164120073,011800055,27380,N,1,335,201912
20191204,20191203,73,164120073,011802184,27380,N,1,336,201912
20191204,20191203,73,164120073,011828901,27380,N,1,337,201912
20191204,20191203,73,164120073,011853348,27388,N,2,338,201912
20191204,20191203,73,164120073,011941831,27371,N,1,339,201912
20191204,20191203,73,164120073,011943688,27368,N,1,340,201912
20191204,20191203,73,164120073,011949965,27366,N,1,341,201912
20191204,20191203,73,164120073,011955643,27367,N,1,342,201912
20191204,20191203,73,164120073,012001376,27373,N,1,343,201912
20191204,20191203,73,164120073,012006459,27371,N,1,344,201912
20191204,20191203,73,164120073,013229140,27333,N,1,345,201912
20191204,20191203,73,164120073,013650775,27345,N,10,346,201912
20191204,20191203,73,164120073,014048206,27377,N,1,347,201912
20191204,20191203,73,164120073,014537867,27388,N,1,348,201912
20191204,20191203,73,164120073,015223027,27367,N,1,349,201912
20191204,20191203,73,164120073,015547566,27368,N,2,350,201912
20191204,20191203,73,164120073,020535804,27369,N,1,351,201912
20191204,20191203,73,164120073,020651506,27377,N,1,352,201912
20191204,20191203,73,164120073,023827097,27410,N,1,353,201912
20191204,20191203,73,164120073,024322848,27389,N,10,354,201912
20191204,20191203,73,164120073,025121981,27393,N,6,355,201912
20191204,20191203,73,164120073,032802606,27430,N,5,356,201912
20191204,20191203,73,164120073,032922880,27441,N,1,357,201912
20191204,20191203,73,164120073,033103740,27439,N,1,358,201912
20191204,20191203,73,164120073,033920095,27456,N,1,359,201912
20191204,20191203,73,164120073,034742774,27450,N,2,360,201912
20191204,20191203,73,164120073,040523585,27448,N,1,361,201912
20191204,20191203,73,164120073,040632203,27444,N,1,362,201912
20191204,20191203,73,164120073,040912422,27430,N,2,363,201912
20191204,20191203,73,164120073,041323910,27429,N,1,364,201912
20191204,20191203,73,164120073,041432008,27433,N,1,365,201912
20191204,20191203,73,164120073,041723831,27413,N,1,366,201912
20191204,20191203,73,164120073,051019023,27439,N,1,367,201912
20191204,20191203,73,164120073,051818081,27458,N,3,368,201912
20191204,20191203,73,164120073,052150647,27492,N,2,369,201912
20191204,20191203,73,164120073,052444077,27488,N,1,370,201912
20191204,20191203,73,164120073,053001020,27465,E,43,371,201912
20191204,20191204,73,164120073,084501051,27499,O,18,372,201912
20191204,20191204,73,164120073,084623270,27481,N,2,373,201912
20191204,20191204,73,164120073,084644861,27499,N,1,374,201912
20191204,20191204,73,164120073,084732644,27498,N,10,375,201912
20191204,20191204,73,164120073,084732644,27499,N,10,376,201912
20191204,20191204,73,164120073,084817659,27505,N,20,377,201912
20191204,20191204,73,164120073,084817659,27506,N,2,378,201912
20191204,20191204,73,164120073,084817662,27516,N,1,379,201912
20191204,20191204,73,164120073,084834647,27504,N,10,380,201912
20191204,20191204,73,164120073,084834647,27505,N,10,381,201912
20191204,20191204,73,164120073,084834647,27507,N,8,382,201912
20191204,20191204,73,164120073,084929752,27505,N,1,383,201912
20191204,20191204,73,164120073,085016567,27505,N,1,384,201912
20191204,20191204,73,164120073,085018304,27496,N,10,385,201912
20191204,20191204,73,164120073,085018523,27496,N,1,386,201912
20191204,20191204,73,164120073,085021224,27496,N,10,387,201912
20191204,20191204,73,164120073,085025309,27495,N,10,388,201912
20191204,20191204,73,164120073,085033998,27495,N,10,389,201912
20191204,20191204,73,164120073,085217620,27490,N,2,390,201912
20191204,20191204,73,164120073,085746814,27497,N,1,391,201912
20191204,20191204,73,164120073,085913519,27504,N,10,392,201912
20191204,20191204,73,164120073,085913643,27504,N,10,393,201912
20191204,20191204,73,164120073,090531836,27504,N,1,394,201912
20191204,20191204,73,164120073,090624024,27500,N,1,395,201912
20191204,20191204,73,164120073,091149118,27504,N,3,396,201912
20191204,20191204,73,164120073,091425534,27485,N,2,397,201912
20191204,20191204,73,164120073,091453751,27485,N,1,398,201912
20191204,20191204,73,164120073,092130022,27474,N,1,399,201912
20191204,20191204,73,164120073,093001313,27496,N,5,400,201912
20191204,20191204,73,164120073,093001438,27496,N,2,401,201912
20191204,20191204,73,164120073,094411144,27489,N,1,402,201912
20191204,20191204,73,164120073,094819823,27502,N,1,403,201912
20191204,20191204,73,164120073,095359488,27473,N,2,404,201912
20191204,20191204,73,164120073,100047057,27478,N,1,405,201912
20191204,20191204,73,164120073,100101932,27471,N,1,406,201912
20191204,20191204,73,164120073,100610046,27470,N,10,407,201912
20191204,20191204,73,164120073,101908954,27473,N,5,408,201912
20191204,20191204,73,164120073,101947285,27477,N,5,409,201912
20191204,20191204,73,164120073,103507717,27493,N,5,410,201912
20191204,20191204,73,164120073,103838564,27504,N,2,411,201912
20191204,20191204,73,164120073,103849118,27505,N,25,412,201912
20191204,20191204,73,164120073,105336640,27478,N,5,413,201912
20191204,20191204,73,164120073,114404514,27487,N,5,414,201912
20191204,20191204,73,164120073,115240991,27497,N,2,415,201912
20191204,20191204,73,164120073,124643711,27499,N,1,416,201912
20191204,20191204,73,164120073,124643835,27500,N,4,417,201912
20191204,20191204,73,164120073,133214601,27500,N,1,418,201912
20191204,20191204,73,164120073,135040628,27503,N,1,419,201912
20191204,20191204,73,164120073,140516929,27498,N,4,420,201912
20191204,20191204,73,164120073,142027079,27500,N,1,421,201912
20191204,20191204,73,164120073,143614186,27501,N,1,422,201912
20191204,20191204,73,164120073,145311995,27503,N,1,423,201912
20191204,20191204,73,164120073,145731280,27501,E,2,424,201912
20191204,20191203,73,165030073,164321722,27780,O,1,425,202003
20191204,20191203,73,165030073,191511448,27712,N,1,426,202003
20191204,20191203,73,165030073,191511448,27710,N,1,427,202003
20191204,20191203,73,165030073,191816539,27700,N,1,428,202003
20191204,20191203,73,165030073,191817252,27670,N,1,429,202003
20191204,20191203,73,165030073,193008039,27650,N,1,430,202003
20191204,20191203,73,165030073,194354629,27700,N,1,431,202003
20191204,20191203,73,165030073,212157942,27770,N,1,432,202003
20191204,20191203,73,165030073,212536823,28030,N,1,433,202003
20191204,20191203,73,165030073,212536823,28033,N,1,434,202003
20191204,20191203,73,165030073,213643603,28027,N,2,435,202003
20191204,20191203,73,165030073,220716005,27744,N,1,436,202003
20191204,20191203,73,165030073,220842904,27610,N,2,437,202003
20191204,20191203,73,165030073,220842904,27600,N,4,438,202003
20191204,20191203,73,165030073,222112632,27556,N,1,439,202003
20191204,20191203,73,165030073,222248607,27410,N,1,440,202003
20191204,20191203,73,165030073,222248607,27300,N,1,441,202003
20191204,20191203,73,165030073,224441596,27445,N,1,442,202003
20191204,20191203,73,165030073,230755367,27450,N,1,443,202003
20191204,20191203,73,165030073,231300240,27450,N,1,444,202003
20191204,20191203,73,165030073,232416386,27401,N,1,445,202003
20191204,20191203,73,165030073,234754408,27400,N,1,446,202003
20191204,20191203,73,165030073,234810656,27370,N,1,447,202003
20191204,20191203,73,165030073,234851465,27345,N,1,448,202003
20191204,20191203,73,165030073,004104809,27301,N,1,449,202003
20191204,20191203,73,165030073,005021827,27300,N,5,450,202003
20191204,20191203,73,165030073,015205945,27341,N,1,451,202003
20191204,20191203,73,165030073,034412497,27333,N,1,452,202003
20191204,20191203,73,165030073,052150774,27450,N,1,453,202003
20191204,20191203,73,165030073,052442473,27450,N,1,454,202003
20191204,20191203,73,165030073,053001020,27450,E,2,455,202003
20191204,20191204,73,165030073,085021506,27431,O,1,456,202003
20191204,20191204,73,165030073,085055681,27430,N,1,457,202003
20191204,20191204,73,165030073,114606029,27547,N,1,458,202003
20191204,20191204,73,165030073,114619758,27433,N,1,459,202003
20191204,20191204,73,165030073,114701064,27547,N,1,460,202003
20191204,20191204,73,165030073,114725075,27434,N,1,461,202003
20191204,20191204,73,165030073,145138233,27499,N,1,462,202003
20191204,20191204,73,165030073,145258071,27499,N,1,463,202003
20191204,20191204,73,165030073,145626573,27499,N,1,464,202003
20191204,20191204,73,165030073,145926752,27499,N,1,465,202003
20191204,20191204,73,165030073,150159745,27510,N,1,466,202003
20191204,20191204,73,165030073,150242767,27529,E,1,467,202003
20191205,20191204,73,164120073,163001045,27437,O,3,1,201912
20191205,20191204,73,164120073,163431398,27430,N,1,2,201912
20191205,20191204,73,164120073,163431401,27430,N,2,3,201912
20191205,20191204,73,164120073,163749679,27430,N,1,4,201912
20191205,20191204,73,164120073,163751577,27428,N,10,5,201912
20191205,20191204,73,164120073,163754404,27430,N,9,6,201912
20191205,20191204,73,164120073,163801094,27428,N,3,7,201912
20191205,20191204,73,164120073,163935977,27415,N,10,8,201912
20191205,20191204,73,164120073,163947700,27410,N,6,9,201912
20191205,20191204,73,164120073,163947747,27410,N,6,10,201912
20191205,20191204,73,164120073,163947825,27410,N,2,11,201912
20191205,20191204,73,164120073,163948427,27410,N,2,12,201912
20191205,20191204,73,164120073,164010147,27418,N,1,13,201912
20191205,20191204,73,164120073,164047450,27424,N,10,14,201912
20191205,20191204,73,164120073,164108916,27425,N,10,15,201912
20191205,20191204,73,164120073,164313872,27423,N,2,16,201912
20191205,20191204,73,164120073,164356173,27418,N,10,17,201912
20191205,20191204,73,164120073,164401774,27419,N,10,18,201912
20191205,20191204,73,164120073,164601769,27423,N,2,19,201912
20191205,20191204,73,164120073,164740188,27420,N,1,20,201912
20191205,20191204,73,164120073,165122743,27427,N,1,21,201912
20191205,20191204,73,164120073,165220592,27422,N,3,22,201912
20191205,20191204,73,164120073,170124738,27418,N,1,23,201912
20191205,20191204,73,164120073,170525603,27418,N,2,24,201912
20191205,20191204,73,164120073,170618137,27395,N,4,25,201912
20191205,20191204,73,164120073,170632085,27400,N,1,26,201912
20191205,20191204,73,164120073,170632733,27400,N,1,27,201912
20191205,20191204,73,164120073,173043012,27448,N,1,28,201912
20191205,20191204,73,164120073,174222291,27449,N,1,29,201912
20191205,20191204,73,164120073,174222619,27450,N,2,30,201912
20191205,20191204,73,164120073,174604327,27439,N,1,31,201912
20191205,20191204,73,164120073,174726696,27446,N,1,32,201912
20191205,20191204,73,164120073,175412716,27459,N,1,33,201912
20191205,20191204,73,164120073,175457788,27456,N,1,34,201912
20191205,20191204,73,164120073,175505457,27457,N,1,35,201912
20191205,20191204,73,164120073,175736064,27459,N,1,36,201912
20191205,20191204,73,164120073,175741217,27460,N,1,37,201912
20191205,20191204,73,164120073,180209783,27472,N,1,38,201912
20191205,20191204,73,164120073,180233662,27480,N,4,39,201912
20191205,20191204,73,164120073,180559376,27475,N,1,40,201912
20191205,20191204,73,164120073,180609239,27473,N,1,41,201912
20191205,20191204,73,164120073,180642347,27479,N,10,42,201912
20191205,20191204,73,164120073,180642351,27487,N,10,43,201912
20191205,20191204,73,164120073,180642364,27500,N,1,44,201912
20191205,20191204,73,164120073,180643422,27522,N,1,45,201912
20191205,20191204,73,164120073,180713625,27570,N,4,46,201912
20191205,20191204,73,164120073,180715841,27560,N,1,47,201912
20191205,20191204,73,164120073,180727772,27575,N,1,48,201912
20191205,20191204,73,164120073,180730949,27588,N,3,49,201912
20191205,20191204,73,164120073,180755259,27626,N,5,50,201912
20191205,20191204,73,164120073,180757492,27618,N,1,51,201912
20191205,20191204,73,164120073,180758841,27629,N,1,52,201912
20191205,20191204,73,164120073,180833729,27587,N,1,53,201912
20191205,20191204,73,164120073,180942830,27566,N,1,54,201912
20191205,20191204,73,164120073,180955656,27564,N,10,55,201912
20191205,20191204,73,164120073,180955656,27565,N,10,56,201912
20191205,20191204,73,164120073,181007374,27575,N,1,57,201912
20191205,20191204,73,164120073,181011053,27587,N,1,58,201912
20191205,20191204,73,164120073,181018115,27588,N,10,59,201912
20191205,20191204,73,164120073,181436850,27629,N,2,60,201912
20191205,20191204,73,164120073,181748717,27629,N,1,61,201912
20191205,20191204,73,164120073,182036524,27625,N,1,62,201912
20191205,20191204,73,164120073,182257392,27608,N,10,63,201912
20191205,20191204,73,164120073,182556447,27620,N,1,64,201912
20191205,20191204,73,164120073,182614192,27610,N,5,65,201912
20191205,20191204,73,164120073,183304443,27619,N,1,66,201912
20191205,20191204,73,164120073,183306714,27620,N,2,67,201912
20191205,20191204,73,164120073,183410551,27617,N,8,68,201912
20191205,20191204,73,164120073,183458558,27595,N,5,69,201912
20191205,20191204,73,164120073,183538447,27574,N,1,70,201912
20191205,20191204,73,164120073,183748573,27582,N,1,71,201912
20191205,20191204,73,164120073,184637580,27580,N,1,72,201912
20191205,20191204,73,164120073,185819513,27616,N,1,73,201912
20191205,20191204,73,164120073,190009356,27635,N,1,74,201912
20191205,20191204,73,164120073,190251764,27617,N,1,75,201912
20191205,20191204,73,164120073,191910366,27605,N,1,76,201912
20191205,20191204,73,164120073,192319290,27605,N,1,77,201912
20191205,20191204,73,164120073,192927998,27615,N,5,78,201912
20191205,20191204,73,164120073,193346563,27614,N,1,79,201912
20191205,20191204,73,164120073,194820275,27607,N,5,80,201912
20191205,20191204,73,164120073,201958334,27620,N,1,81,201912
20191205,20191204,73,164120073,202251214,27611,N,10,82,201912
20191205,20191204,73,164120073,204445516,27629,N,3,83,201912
20191205,20191204,73,164120073,211306446,27642,N,1,84,201912
20191205,20191204,73,164120073,211328627,27642,N,1,85,201912
20191205,20191204,73,164120073,211643337,27641,N,2,86,201912
20191205,20191204,73,164120073,211828288,27650,N,1,87,201912
20191205,20191204,73,164120073,211828288,27651,N,3,88,201912
20191205,20191204,73,164120073,211830126,27650,N,1,89,201912
20191205,20191204,73,164120073,214401331,27640,N,1,90,201912
20191205,20191204,73,164120073,214451659,27642,N,1,91,201912
20191205,20191204,73,164120073,214720802,27638,N,1,92,201912
20191205,20191204,73,164120073,220951595,27636,N,1,93,201912
20191205,20191204,73,164120073,221924639,27607,N,1,94,201912
20191205,20191204,73,164120073,222135411,27602,N,10,95,201912
20191205,20191204,73,164120073,222135411,27600,N,10,96,201912
20191205,20191204,73,164120073,222135411,27599,N,5,97,201912
20191205,20191204,73,164120073,222948718,27616,N,5,98,201912
20191205,20191204,73,164120073,223438381,27610,N,10,99,201912
20191205,20191204,73,164120073,223439329,27610,N,15,100,201912
20191205,20191204,73,164120073,224346116,27594,N,1,101,201912
20191205,20191204,73,164120073,224631968,27589,N,5,102,201912
20191205,20191204,73,164120073,224834849,27591,N,1,103,201912
20191205,20191204,73,164120073,225040840,27602,N,5,104,201912
20191205,20191204,73,164120073,225804186,27616,N,5,105,201912
20191205,20191204,73,164120073,230956098,27641,N,1,106,201912
20191205,20191204,73,164120073,231855449,27637,N,1,107,201912
20191205,20191204,73,164120073,233012072,27632,N,1,108,201912
20191205,20191204,73,164120073,233017541,27632,N,1,109,201912
20191205,20191204,73,164120073,233659130,27667,N,2,110,201912
20191205,20191204,73,164120073,233952217,27666,N,5,111,201912
20191205,20191204,73,164120073,234223088,27665,N,21,112,201912
20191205,20191204,73,164120073,234223088,27664,N,4,113,201912
20191205,20191204,73,164120073,234258584,27665,N,1,114,201912
20191205,20191204,73,164120073,235039615,27680,N,10,115,201912
20191205,20191204,73,164120073,235553503,27695,N,11,116,201912
20191205,20191204,73,164120073,235553503,27694,N,4,117,201912
20191205,20191204,73,164120073,235733123,27700,N,1,118,201912
20191205,20191204,73,164120073,235938378,27727,N,10,119,201912
20191205,20191204,73,164120073,000456854,27700,N,1,120,201912
20191205,20191204,73,164120073,000653594,27700,N,1,121,201912
20191205,20191204,73,164120073,000915984,27695,N,11,122,201912
20191205,20191204,73,164120073,000915987,27695,N,5,123,201912
20191205,20191204,73,164120073,000916112,27695,N,9,124,201912
20191205,20191204,73,164120073,001014355,27695,N,1,125,201912
20191205,20191204,73,164120073,001110423,27685,N,1,126,201912
20191205,20191204,73,164120073,001318085,27673,N,10,127,201912
20191205,20191204,73,164120073,001318085,27672,N,15,128,201912
20191205,20191204,73,164120073,001404852,27671,N,9,129,201912
20191205,20191204,73,164120073,002627083,27680,N,1,130,201912
20191205,20191204,73,164120073,003219274,27679,N,1,131,201912
20191205,20191204,73,164120073,004937442,27691,N,2,132,201912
20191205,20191204,73,164120073,010102989,27701,N,1,133,201912
20191205,20191204,73,164120073,014548318,27713,N,7,134,201912
20191205,20191204,73,164120073,015940449,27702,N,1,135,201912
20191205,20191204,73,164120073,020013230,27698,N,10,136,201912
20191205,20191204,73,164120073,022807818,27674,N,6,137,201912
20191205,20191204,73,164120073,022807995,27673,N,1,138,201912
20191205,20191204,73,164120073,022821338,27674,N,4,139,201912
20191205,20191204,73,164120073,023000817,27675,N,6,140,201912
20191205,20191204,73,164120073,023000944,27675,N,4,141,201912
20191205,20191204,73,164120073,023013753,27677,N,6,142,201912
20191205,20191204,73,164120073,023021466,27677,N,4,143,201912
20191205,20191204,73,164120073,023036760,27677,N,1,144,201912
20191205,20191204,73,164120073,023040730,27678,N,1,145,201912
20191205,20191204,73,164120073,023252157,27677,N,6,146,201912
20191205,20191204,73,164120073,023255528,27677,N,4,147,201912
20191205,20191204,73,164120073,023303492,27680,N,1,148,201912
20191205,20191204,73,164120073,023531355,27680,N,9,149,201912
20191205,20191204,73,164120073,024515654,27679,N,1,150,201912
20191205,20191204,73,164120073,025308985,27693,N,6,151,201912
20191205,20191204,73,164120073,025308996,27693,N,4,152,201912
20191205,20191204,73,164120073,035010666,27689,N,3,153,201912
20191205,20191204,73,164120073,043433925,27703,E,1,154,201912
20191205,20191205,73,164120073,084501051,27649,O,5,155,201912
20191205,20191205,73,164120073,084646866,27646,N,8,156,201912
20191205,20191205,73,164120073,084734452,27643,N,1,157,201912
20191205,20191205,73,164120073,085005812,27635,N,10,158,201912
20191205,20191205,73,164120073,085044059,27635,N,10,159,201912
20191205,20191205,73,164120073,090357760,27637,N,20,160,201912
20191205,20191205,73,164120073,090415521,27636,N,8,161,201912
20191205,20191205,73,164120073,093107689,27629,N,10,162,201912
20191205,20191205,73,164120073,093107689,27628,N,10,163,201912
20191205,20191205,73,164120073,093931390,27630,N,2,164,201912
20191205,20191205,73,164120073,103933943,27627,N,10,165,201912
20191205,20191205,73,164120073,105715266,27628,N,1,166,201912
20191205,20191205,73,164120073,110843862,27635,N,1,167,201912
20191205,20191205,73,164120073,120534106,27633,N,1,168,201912
20191205,20191205,73,164120073,124148924,27627,N,1,169,201912
20191205,20191205,73,164120073,133325543,27645,N,3,170,201912
20191205,20191205,73,164120073,141510535,27642,N,1,171,201912
20191205,20191205,73,164120073,142501967,27639,N,5,172,201912
20191205,20191205,73,164120073,150308251,27639,N,1,173,201912
20191205,20191205,73,164120073,150653478,27647,N,1,174,201912
20191205,20191205,73,164120073,150912177,27649,E,1,175,201912
20191205,20191204,73,165030073,163917763,27400,O,1,176,202003
20191205,20191204,73,165030073,174347358,27388,N,1,177,202003
20191205,20191204,73,165030073,174347358,27325,N,1,178,202003
20191205,20191204,73,165030073,174347358,27303,N,1,179,202003
20191205,20191204,73,165030073,174347358,27251,N,1,180,202003
20191205,20191204,73,165030073,174347358,27250,N,1,181,202003
20191205,20191204,73,165030073,174347358,27208,N,1,182,202003
20191205,20191204,73,165030073,174347358,27205,N,1,183,202003
20191205,20191204,73,165030073,174347358,27203,N,1,184,202003
20191205,20191204,73,165030073,174347358,27201,N,1,185,202003
20191205,20191204,73,165030073,174347358,27200,N,2,186,202003
20191205,20191204,73,165030073,174347361,27167,N,1,187,202003
20191205,20191204,73,165030073,174347361,27166,N,1,188,202003
20191205,20191204,73,165030073,180821005,27487,N,1,189,202003
20191205,20191204,73,165030073,180821955,27548,N,1,190,202003
20191205,20191204,73,165030073,185939326,27640,N,2,191,202003
20191205,20191204,73,165030073,185939329,27674,N,1,192,202003
20191205,20191204,73,165030073,185939329,27675,N,1,193,202003
20191205,20191204,73,165030073,211333409,27597,N,1,194,202003
20191205,20191204,73,165030073,225041163,27622,N,1,195,202003
20191205,20191204,73,165030073,234631654,27699,E,1,196,202003
20191205,20191205,73,165030073,102209510,27635,O,1,197,202003
20191205,20191205,73,165030073,105537149,27650,E,1,198,202003
20191206,20191205,73,164120073,171524164,27697,O,1,1,201912
20191206,20191205,73,164120073,171621282,27696,N,1,2,201912
20191206,20191205,73,164120073,172340455,27679,N,10,3,201912
20191206,20191205,73,164120073,172512035,27685,N,5,4,201912
20191206,20191205,73,164120073,173749660,27675,N,10,5,201912
20191206,20191205,73,164120073,173749660,27674,N,21,6,201912
20191206,20191205,73,164120073,173749660,27672,N,10,7,201912
20191206,20191205,73,164120073,173749660,27670,N,9,8,201912
20191206,20191205,73,164120073,174341668,27681,N,1,9,201912
20191206,20191205,73,164120073,175053343,27688,N,5,10,201912
20191206,20191205,73,164120073,175428553,27681,N,5,11,201912
20191206,20191205,73,164120073,175514780,27684,N,1,12,201912
20191206,20191205,73,164120073,180424743,27683,N,5,13,201912
20191206,20191205,73,164120073,180454842,27688,N,6,14,201912
20191206,20191205,73,164120073,185133269,27696,N,6,15,201912
20191206,20191205,73,164120073,185505726,27697,N,1,16,201912
20191206,20191205,73,164120073,185509410,27698,N,1,17,201912
20191206,20191205,73,164120073,185514481,27704,N,6,18,201912
20191206,20191205,73,164120073,185543624,27704,N,1,19,201912
20191206,20191205,73,164120073,185556885,27700,N,1,20,201912
20191206,20191205,73,164120073,193208205,27722,N,1,21,201912
20191206,20191205,73,164120073,193208212,27725,N,1,22,201912
20191206,20191205,73,164120073,193208212,27728,N,2,23,201912
20191206,20191205,73,164120073,193208287,27728,N,1,24,201912
20191206,20191205,73,164120073,193307431,27740,N,2,25,201912
20191206,20191205,73,164120073,193335964,27750,N,3,26,201912
20191206,20191205,73,164120073,193335967,27757,N,3,27,201912
20191206,20191205,73,164120073,194026567,27739,N,1,28,201912
20191206,20191205,73,164120073,194638092,27734,N,1,29,201912
20191206,20191205,73,164120073,195718609,27736,N,1,30,201912
20191206,20191205,73,164120073,195752745,27739,N,1,31,201912
20191206,20191205,73,164120073,195802158,27739,N,1,32,201912
20191206,20191205,73,164120073,200500340,27739,N,1,33,201912
20191206,20191205,73,164120073,200700886,27745,N,1,34,201912
20191206,20191205,73,164120073,201003627,27748,N,3,35,201912
20191206,20191205,73,164120073,201521234,27755,N,6,36,201912
20191206,20191205,73,164120073,201521744,27755,N,6,37,201912
20191206,20191205,73,164120073,201522254,27756,N,6,38,201912
20191206,20191205,73,164120073,201522375,27756,N,4,39,201912
20191206,20191205,73,164120073,201622028,27749,N,1,40,201912
20191206,20191205,73,164120073,202619811,27760,N,6,41,201912
20191206,20191205,73,164120073,202619993,27760,N,4,42,201912
20191206,20191205,73,164120073,202634360,27759,N,1,43,201912
20191206,20191205,73,164120073,202832075,27759,N,1,44,201912
20191206,20191205,73,164120073,203953742,27752,N,10,45,201912
20191206,20191205,73,164120073,203953742,27751,N,21,46,201912
20191206,20191205,73,164120073,203953742,27750,N,19,47,201912
20191206,20191205,73,164120073,204116747,27762,N,1,48,201912
20191206,20191205,73,164120073,204354852,27759,N,6,49,201912
20191206,20191205,73,164120073,204400444,27757,N,6,50,201912
20191206,20191205,73,164120073,204403505,27758,N,6,51,201912
20191206,20191205,73,164120073,204458142,27761,N,3,52,201912
20191206,20191205,73,164120073,204529214,27755,N,1,53,201912
20191206,20191205,73,164120073,204713656,27743,N,1,54,201912
20191206,20191205,73,164120073,205416788,27745,N,1,55,201912
20191206,20191205,73,164120073,205925376,27740,N,10,56,201912
20191206,20191205,73,164120073,205925376,27739,N,5,57,201912
20191206,20191205,73,164120073,212216325,27731,N,1,58,201912
20191206,20191205,73,164120073,212225957,27731,N,2,59,201912
20191206,20191205,73,164120073,212736552,27726,N,2,60,201912
20191206,20191205,73,164120073,212806218,27725,N,1,61,201912
20191206,20191205,73,164120073,212815872,27725,N,1,62,201912
20191206,20191205,73,164120073,212825897,27725,N,1,63,201912
20191206,20191205,73,164120073,213633543,27723,N,6,64,201912
20191206,20191205,73,164120073,220519155,27714,N,2,65,201912
20191206,20191205,73,164120073,220616872,27704,N,3,66,201912
20191206,20191205,73,164120073,220654302,27704,N,6,67,201912
20191206,20191205,73,164120073,220839931,27704,N,4,68,201912
20191206,20191205,73,164120073,221019459,27708,N,1,69,201912
20191206,20191205,73,164120073,223911674,27717,N,11,70,201912
20191206,20191205,73,164120073,224725342,27727,N,1,71,201912
20191206,20191205,73,164120073,224915850,27715,N,1,72,201912
20191206,20191205,73,164120073,230008291,27710,N,1,73,201912
20191206,20191205,73,164120073,230548787,27702,N,1,74,201912
20191206,20191205,73,164120073,232717855,27704,N,3,75,201912
20191206,20191205,73,164120073,233024584,27691,N,1,76,201912
20191206,20191205,73,164120073,233212070,27666,N,1,77,201912
20191206,20191205,73,164120073,233212079,27661,N,2,78,201912
20191206,20191205,73,164120073,234012719,27652,N,10,79,201912
20191206,20191205,73,164120073,234042883,27645,N,1,80,201912
20191206,20191205,73,164120073,234042951,27661,N,1,81,201912
20191206,20191205,73,164120073,234657697,27647,N,1,82,201912
20191206,20191205,73,164120073,235449106,27631,N,1,83,201912
20191206,20191205,73,164120073,000032109,27600,N,1,84,201912
20191206,20191205,73,164120073,000032112,27596,N,2,85,201912
20191206,20191205,73,164120073,000040120,27596,N,9,86,201912
20191206,20191205,73,164120073,000046654,27598,N,1,87,201912
20191206,20191205,73,164120073,000631914,27598,N,1,88,201912
20191206,20191205,73,164120073,000914788,27576,N,10,89,201912
20191206,20191205,73,164120073,000914788,27577,N,9,90,201912
20191206,20191205,73,164120073,000914798,27577,N,12,91,201912
20191206,20191205,73,164120073,000914798,27583,N,9,92,201912
20191206,20191205,73,164120073,000914810,27589,N,10,93,201912
20191206,20191205,73,164120073,000949623,27557,N,9,94,201912
20191206,20191205,73,164120073,000949625,27557,N,2,95,201912
20191206,20191205,73,164120073,001722813,27589,N,11,96,201912
20191206,20191205,73,164120073,001724347,27589,N,11,97,201912
20191206,20191205,73,164120073,001727063,27589,N,34,98,201912
20191206,20191205,73,164120073,001728307,27589,N,10,99,201912
20191206,20191205,73,164120073,002306897,27586,N,1,100,201912
20191206,20191205,73,164120073,003740662,27610,N,6,101,201912
20191206,20191205,73,164120073,003740665,27612,N,8,102,201912
20191206,20191205,73,164120073,004606255,27600,N,1,103,201912
20191206,20191205,73,164120073,005051672,27618,N,10,104,201912
20191206,20191205,73,164120073,005051672,27619,N,10,105,201912
20191206,20191205,73,164120073,005051672,27620,N,5,106,201912
20191206,20191205,73,164120073,005526083,27611,N,1,107,201912
20191206,20191205,73,164120073,013625275,27586,N,4,108,201912
20191206,20191205,73,164120073,025019971,27590,N,1,109,201912
20191206,20191205,73,164120073,025514478,27604,N,10,110,201912
20191206,20191205,73,164120073,025551780,27607,N,1,111,201912
20191206,20191205,73,164120073,033334917,27636,N,5,112,201912
20191206,20191205,73,164120073,034333433,27642,N,1,113,201912
20191206,20191205,73,164120073,035233642,27650,N,10,114,201912
20191206,20191205,73,164120073,041409178,27658,N,1,115,201912
20191206,20191205,73,164120073,042758398,27658,N,3,116,201912
20191206,20191205,73,164120073,044722970,27665,N,1,117,201912
20191206,20191205,73,164120073,045727779,27664,N,10,118,201912
20191206,20191205,73,164120073,050118441,27641,N,3,119,201912
20191206,20191205,73,164120073,050558565,27661,N,1,120,201912
20191206,20191205,73,164120073,051104725,27671,N,20,121,201912
20191206,20191205,73,164120073,051623741,27668,N,10,122,201912
20191206,20191205,73,164120073,051623741,27667,N,10,123,201912
20191206,20191205,73,164120073,051953889,27677,E,10,124,201912
20191206,20191206,73,164120073,084501051,27679,O,27,125,201912
20191206,20191206,73,164120073,090422991,27698,N,5,126,201912
20191206,20191206,73,164120073,090435158,27698,N,5,127,201912
20191206,20191206,73,164120073,090538165,27694,N,5,128,201912
20191206,20191206,73,164120073,090558019,27693,N,5,129,201912
20191206,20191206,73,164120073,090613585,27696,N,10,130,201912
20191206,20191206,73,164120073,090619886,27702,N,1,131,201912
20191206,20191206,73,164120073,091656969,27706,N,10,132,201912
20191206,20191206,73,164120073,091656969,27707,N,2,133,201912
20191206,20191206,73,164120073,095100963,27725,N,1,134,201912
20191206,20191206,73,164120073,095446359,27724,N,11,135,201912
20191206,20191206,73,164120073,111302680,27708,N,6,136,201912
20191206,20191206,73,164120073,111331689,27706,N,10,137,201912
20191206,20191206,73,164120073,111923919,27699,N,5,138,201912
20191206,20191206,73,164120073,142203599,27712,N,1,139,201912
20191206,20191206,73,164120073,142212494,27712,N,1,140,201912
20191206,20191206,73,164120073,142225218,27712,N,1,141,201912
20191206,20191206,73,164120073,143305930,27702,N,1,142,201912
20191206,20191206,73,164120073,143305933,27695,N,1,143,201912
20191206,20191206,73,164120073,145030406,27695,N,2,144,201912
20191206,20191206,73,164120073,145252205,27693,N,2,145,201912
20191206,20191206,73,164120073,150125297,27720,N,1,146,201912
20191206,20191206,73,164120073,150127415,27730,N,1,147,201912
20191206,20191206,73,164120073,150130960,27740,N,1,148,201912
20191206,20191206,73,164120073,150208817,27732,N,1,149,201912
20191206,20191206,73,164120073,150612634,27742,N,2,150,201912
20191206,20191206,73,164120073,150622100,27751,N,1,151,201912
20191206,20191206,73,164120073,150624957,27744,N,1,152,201912
20191206,20191206,73,164120073,150727596,27751,N,1,153,201912
20191206,20191206,73,164120073,151501010,27767,E,2,154,201912
20191206,20191205,73,165030073,230544285,27720,O,1,155,202003
20191206,20191206,73,165030073,150140871,27700,O,1,156,202003
20191209,20191206,73,164120073,163001045,27734,O,1,1,201912
20191209,20191206,73,164120073,163059196,27730,N,2,2,201912
20191209,20191206,73,164120073,163059196,27728,N,10,3,201912
20191209,20191206,73,164120073,163059196,27726,N,10,4,201912
20191209,20191206,73,164120073,163059196,27724,N,1,5,201912
20191209,20191206,73,164120073,163249124,27742,N,5,6,201912
20191209,20191206,73,164120073,164754416,27735,N,1,7,201912
20191209,20191206,73,164120073,170921115,27739,N,1,8,201912
20191209,20191206,73,164120073,174324139,27720,N,1,9,201912
20191209,20191206,73,164120073,175843622,27735,N,1,10,201912
20191209,20191206,73,164120073,180921442,27741,N,1,11,201912
20191209,20191206,73,164120073,181450428,27741,N,1,12,201912
20191209,20191206,73,164120073,181522171,27739,N,1,13,201912
20191209,20191206,73,164120073,185207949,27742,N,1,14,201912
20191209,20191206,73,164120073,185242482,27750,N,1,15,201912
20191209,20191206,73,164120073,190036035,27742,N,1,16,201912
20191209,20191206,73,164120073,211025956,27745,N,1,17,201912
20191209,20191206,73,164120073,220148220,27723,N,1,18,201912
20191209,20191206,73,164120073,220325122,27721,N,1,19,201912
20191209,20191206,73,164120073,220359799,27729,N,1,20,201912
20191209,20191206,73,164120073,220429247,27723,N,1,21,201912
20191209,20191206,73,164120073,220616041,27724,N,1,22,201912
20191209,20191206,73,164120073,220642745,27731,N,1,23,201912
20191209,20191206,73,164120073,221400725,27725,N,2,24,201912
20191209,20191206,73,164120073,221816709,27721,N,1,25,201912
20191209,20191206,73,164120073,222400748,27726,N,21,26,201912
20191209,20191206,73,164120073,222400748,27724,N,20,27,201912
20191209,20191206,73,164120073,222400748,27722,N,9,28,201912
20191209,20191206,73,164120073,223221423,27780,N,1,29,201912
20191209,20191206,73,164120073,223334070,27810,N,1,30,201912
20191209,20191206,73,164120073,223334078,27828,N,1,31,201912
20191209,20191206,73,164120073,223412498,27810,N,5,32,201912
20191209,20191206,73,164120073,223425597,27828,N,1,33,201912
20191209,20191206,73,164120073,223440334,27834,N,1,34,201912
20191209,20191206,73,164120073,223441688,27810,N,5,35,201912
20191209,20191206,73,164120073,223508711,27828,N,1,36,201912
20191209,20191206,73,164120073,223535726,27817,N,6,37,201912
20191209,20191206,73,164120073,223535846,27817,N,4,38,201912
20191209,20191206,73,164120073,223613557,27809,N,1,39,201912
20191209,20191206,73,164120073,223617620,27709,N,1,40,201912
20191209,20191206,73,164120073,223653548,27812,N,1,41,201912
20191209,20191206,73,164120073,223657409,27834,N,1,42,201912
20191209,20191206,73,164120073,223737453,27808,N,1,43,201912
20191209,20191206,73,164120073,223805254,27814,N,10,44,201912
20191209,20191206,73,164120073,223819125,27813,N,5,45,201912
20191209,20191206,73,164120073,223835739,27820,N,1,46,201912
20191209,20191206,73,164120073,224048905,27834,N,10,47,201912
20191209,20191206,73,164120073,224113201,27835,N,1,48,201912
20191209,20191206,73,164120073,224255069,27837,N,2,49,201912
20191209,20191206,73,164120073,224259312,27836,N,2,50,201912
20191209,20191206,73,164120073,224309723,27836,N,12,51,201912
20191209,20191206,73,164120073,224842560,27847,N,2,52,201912
20191209,20191206,73,164120073,224922357,27850,N,1,53,201912
20191209,20191206,73,164120073,225107758,27855,N,9,54,201912
20191209,20191206,73,164120073,225324531,27847,N,10,55,201912
20191209,20191206,73,164120073,225324531,27846,N,2,56,201912
20191209,20191206,73,164120073,225330704,27847,N,1,57,201912
20191209,20191206,73,164120073,225343148,27855,N,1,58,201912
20191209,20191206,73,164120073,225507518,27862,N,1,59,201912
20191209,20191206,73,164120073,225511879,27861,N,1,60,201912
20191209,20191206,73,164120073,225916119,27848,N,7,61,201912
20191209,20191206,73,164120073,225921320,27848,N,1,62,201912
20191209,20191206,73,164120073,230423022,27855,N,2,63,201912
20191209,20191206,73,164120073,231300981,27867,N,10,64,201912
20191209,20191206,73,164120073,231300981,27868,N,1,65,201912
20191209,20191206,73,164120073,231313302,27868,N,12,66,201912
20191209,20191206,73,164120073,231313385,27868,N,1,67,201912
20191209,20191206,73,164120073,231331716,27869,N,10,68,201912
20191209,20191206,73,164120073,231331800,27872,N,1,69,201912
20191209,20191206,73,164120073,231342726,27869,N,10,70,201912
20191209,20191206,73,164120073,231342809,27872,N,1,71,201912
20191209,20191206,73,164120073,231402261,27871,N,10,72,201912
20191209,20191206,73,164120073,231402344,27873,N,1,73,201912
20191209,20191206,73,164120073,231419151,27867,N,1,74,201912
20191209,20191206,73,164120073,231555776,27868,N,10,75,201912
20191209,20191206,73,164120073,231555776,27867,N,10,76,201912
20191209,20191206,73,164120073,231555776,27866,N,21,77,201912
20191209,20191206,73,164120073,231555776,27863,N,9,78,201912
20191209,20191206,73,164120073,231621763,27867,N,1,79,201912
20191209,20191206,73,164120073,231621763,27865,N,10,80,201912
20191209,20191206,73,164120073,231621763,27864,N,11,81,201912
20191209,20191206,73,164120073,231621763,27862,N,20,82,201912
20191209,20191206,73,164120073,231621763,27861,N,8,83,201912
20191209,20191206,73,164120073,232003237,27863,N,1,84,201912
20191209,20191206,73,164120073,232112376,27858,N,1,85,201912
20191209,20191206,73,164120073,232121834,27859,N,1,86,201912
20191209,20191206,73,164120073,232133695,27858,N,1,87,201912
20191209,20191206,73,164120073,232151970,27859,N,1,88,201912
20191209,20191206,73,164120073,232217677,27859,N,1,89,201912
20191209,20191206,73,164120073,232248954,27859,N,1,90,201912
20191209,20191206,73,164120073,232319924,27863,N,1,91,201912
20191209,20191206,73,164120073,233000347,27875,N,2,92,201912
20191209,20191206,73,164120073,233052337,27896,N,1,93,201912
20191209,20191206,73,164120073,233106291,27900,N,1,94,201912
20191209,20191206,73,164120073,233110736,27906,N,10,95,201912
20191209,20191206,73,164120073,233110736,27907,N,1,96,201912
20191209,20191206,73,164120073,233148781,27900,N,1,97,201912
20191209,20191206,73,164120073,233225353,27905,N,1,98,201912
20191209,20191206,73,164120073,233235453,27907,N,1,99,201912
20191209,20191206,73,164120073,233327629,27906,N,1,100,201912
20191209,20191206,73,164120073,233600974,27894,N,10,101,201912
20191209,20191206,73,164120073,233654120,27897,N,1,102,201912
20191209,20191206,73,164120073,233900732,27911,N,2,103,201912
20191209,20191206,73,164120073,234450236,27936,N,5,104,201912
20191209,20191206,73,164120073,234624549,27944,N,1,105,201912
20191209,20191206,73,164120073,234801179,27939,N,10,106,201912
20191209,20191206,73,164120073,235453952,27942,N,5,107,201912
20191209,20191206,73,164120073,235506454,27935,N,1,108,201912
20191209,20191206,73,164120073,235653212,27948,N,2,109,201912
20191209,20191206,73,164120073,235824403,27954,N,6,110,201912
20191209,20191206,73,164120073,235853772,27953,N,10,111,201912
20191209,20191206,73,164120073,235853772,27954,N,12,112,201912
20191209,20191206,73,164120073,000022416,27959,N,1,113,201912
20191209,20191206,73,164120073,000116343,27965,N,5,114,201912
20191209,20191206,73,164120073,000202075,27962,N,1,115,201912
20191209,20191206,73,164120073,000240641,27953,N,10,116,201912
20191209,20191206,73,164120073,000327083,27955,N,1,117,201912
20191209,20191206,73,164120073,000330159,27951,N,2,118,201912
20191209,20191206,73,164120073,000428207,27949,N,10,119,201912
20191209,20191206,73,164120073,000428207,27948,N,1,120,201912
20191209,20191206,73,164120073,000517959,27942,N,10,121,201912
20191209,20191206,73,164120073,000540115,27950,N,1,122,201912
20191209,20191206,73,164120073,000548098,27954,N,1,123,201912
20191209,20191206,73,164120073,000557167,27952,N,1,124,201912
20191209,20191206,73,164120073,000607228,27953,N,1,125,201912
20191209,20191206,73,164120073,000652673,27943,N,5,126,201912
20191209,20191206,73,164120073,000705230,27941,N,1,127,201912
20191209,20191206,73,164120073,000720175,27941,N,10,128,201912
20191209,20191206,73,164120073,000739320,27945,N,1,129,201912
20191209,20191206,73,164120073,000742270,27959,N,11,130,201912
20191209,20191206,73,164120073,000758135,27948,N,11,131,201912
20191209,20191206,73,164120073,000855740,27939,N,1,132,201912
20191209,20191206,73,164120073,000935772,27947,N,11,133,201912
20191209,20191206,73,164120073,000935772,27946,N,10,134,201912
20191209,20191206,73,164120073,000935772,27935,N,10,135,201912
20191209,20191206,73,164120073,000935772,27924,N,10,136,201912
20191209,20191206,73,164120073,000935772,27913,N,9,137,201912
20191209,20191206,73,164120073,000935873,27952,N,6,138,201912
20191209,20191206,73,164120073,000936195,27951,N,6,139,201912
20191209,20191206,73,164120073,000944849,27950,N,1,140,201912
20191209,20191206,73,164120073,000947768,27947,N,10,141,201912
20191209,20191206,73,164120073,000947768,27946,N,11,142,201912
20191209,20191206,73,164120073,000947768,27945,N,20,143,201912
20191209,20191206,73,164120073,000947768,27934,N,9,144,201912
20191209,20191206,73,164120073,000947769,27951,N,6,145,201912
20191209,20191206,73,164120073,001021391,27956,N,1,146,201912
20191209,20191206,73,164120073,001025781,27961,N,1,147,201912
20191209,20191206,73,164120073,001040577,27967,N,11,148,201912
20191209,20191206,73,164120073,001045115,27962,N,10,149,201912
20191209,20191206,73,164120073,001045115,27963,N,1,150,201912
20191209,20191206,73,164120073,001050452,27961,N,10,151,201912
20191209,20191206,73,164120073,001050452,27962,N,1,152,201912
20191209,20191206,73,164120073,001101589,27951,N,1,153,201912
20191209,20191206,73,164120073,001505454,27953,N,5,154,201912
20191209,20191206,73,164120073,001507003,27951,N,6,155,201912
20191209,20191206,73,164120073,001720837,27937,N,1,156,201912
20191209,20191206,73,164120073,001803152,27931,N,10,157,201912
20191209,20191206,73,164120073,001803152,27930,N,1,158,201912
20191209,20191206,73,164120073,001826867,27934,N,1,159,201912
20191209,20191206,73,164120073,002005476,27953,N,10,160,201912
20191209,20191206,73,164120073,002005476,27954,N,2,161,201912
20191209,20191206,73,164120073,002005863,27947,N,10,162,201912
20191209,20191206,73,164120073,002005863,27946,N,14,163,201912
20191209,20191206,73,164120073,002232102,27955,N,1,164,201912
20191209,20191206,73,164120073,002429229,27947,N,2,165,201912
20191209,20191206,73,164120073,002640207,27937,N,1,166,201912
20191209,20191206,73,164120073,003541690,27945,N,6,167,201912
20191209,20191206,73,164120073,003715255,27929,N,2,168,201912
20191209,20191206,73,164120073,003840816,27935,N,6,169,201912
20191209,20191206,73,164120073,003840936,27935,N,6,170,201912
20191209,20191206,73,164120073,003840939,27935,N,27,171,201912
20191209,20191206,73,164120073,003841057,27935,N,6,172,201912
20191209,20191206,73,164120073,003841064,27935,N,27,173,201912
20191209,20191206,73,164120073,004002241,27945,N,2,174,201912
20191209,20191206,73,164120073,004013251,27949,N,10,175,201912
20191209,20191206,73,164120073,004013861,27949,N,3,176,201912
20191209,20191206,73,164120073,004019406,27955,N,5,177,201912
20191209,20191206,73,164120073,004250749,27957,N,10,178,201912
20191209,20191206,73,164120073,005549181,27969,N,1,179,201912
20191209,20191206,73,164120073,005708307,27976,N,10,180,201912
20191209,20191206,73,164120073,005708307,27975,N,20,181,201912
20191209,20191206,73,164120073,005708307,27975,N,6,182,201912
20191209,20191206,73,164120073,005708427,27975,N,6,183,201912
20191209,20191206,73,164120073,005708430,27975,N,8,184,201912
20191209,20191206,73,164120073,005739268,27978,N,1,185,201912
20191209,20191206,73,164120073,005740571,27979,N,1,186,201912
20191209,20191206,73,164120073,005746333,27980,N,1,187,201912
20191209,20191206,73,164120073,010125809,27970,N,10,188,201912
20191209,20191206,73,164120073,010125809,27969,N,21,189,201912
20191209,20191206,73,164120073,010125809,27968,N,10,190,201912
20191209,20191206,73,164120073,010125809,27967,N,9,191,201912
20191209,20191206,73,164120073,010125809,27975,N,6,192,201912
20191209,20191206,73,164120073,010126250,27975,N,10,193,201912
20191209,20191206,73,164120073,010126658,27975,N,10,194,201912
20191209,20191206,73,164120073,010127103,27975,N,10,195,201912
20191209,20191206,73,164120073,010141793,27972,N,10,196,201912
20191209,20191206,73,164120073,010141793,27970,N,10,197,201912
20191209,20191206,73,164120073,010141793,27969,N,10,198,201912
20191209,20191206,73,164120073,010141793,27968,N,10,199,201912
20191209,20191206,73,164120073,010141793,27949,N,10,200,201912
20191209,20191206,73,164120073,010142017,27977,N,11,201,201912
20191209,20191206,73,164120073,010143544,27978,N,10,202,201912
20191209,20191206,73,164120073,010143991,27977,N,10,203,201912
20191209,20191206,73,164120073,010144769,27978,N,5,204,201912
20191209,20191206,73,164120073,010144896,27978,N,5,205,201912
20191209,20191206,73,164120073,010213484,27980,N,5,206,201912
20191209,20191206,73,164120073,010227244,27978,N,2,207,201912
20191209,20191206,73,164120073,010234654,27978,N,10,208,201912
20191209,20191206,73,164120073,010331009,27979,N,11,209,201912
20191209,20191206,73,164120073,010439044,27977,N,11,210,201912
20191209,20191206,73,164120073,010454537,27977,N,11,211,201912
20191209,20191206,73,164120073,010500309,27977,N,11,212,201912
20191209,20191206,73,164120073,010519284,27979,N,5,213,201912
20191209,20191206,73,164120073,010542953,27984,N,11,214,201912
20191209,20191206,73,164120073,010842936,27970,N,16,215,201912
20191209,20191206,73,164120073,010905040,27966,N,1,216,201912
20191209,20191206,73,164120073,010939105,27973,N,11,217,201912
20191209,20191206,73,164120073,011108507,27977,N,11,218,201912
20191209,20191206,73,164120073,012202707,27981,N,16,219,201912
20191209,20191206,73,164120073,012410462,27984,N,1,220,201912
20191209,20191206,73,164120073,012425226,27991,N,2,221,201912
20191209,20191206,73,164120073,013423154,27999,N,1,222,201912
20191209,20191206,73,164120073,013423446,28000,N,3,223,201912
20191209,20191206,73,164120073,013423449,28001,N,1,224,201912
20191209,20191206,73,164120073,013719804,28006,N,10,225,201912
20191209,20191206,73,164120073,015351656,28003,N,1,226,201912
20191209,20191206,73,164120073,020529303,27999,N,1,227,201912
20191209,20191206,73,164120073,020600453,28000,N,1,228,201912
20191209,20191206,73,164120073,021841170,28009,N,1,229,201912
20191209,20191206,73,164120073,022258505,28007,N,1,230,201912
20191209,20191206,73,164120073,022300348,28008,N,1,231,201912
20191209,20191206,73,164120073,022303444,28008,N,1,232,201912
20191209,20191206,73,164120073,022304889,28007,N,1,233,201912
20191209,20191206,73,164120073,022308704,28005,N,1,234,201912
20191209,20191206,73,164120073,022619058,28006,N,1,235,201912
20191209,20191206,73,164120073,023138768,28007,N,1,236,201912
20191209,20191206,73,164120073,023235830,28008,N,1,237,201912
20191209,20191206,73,164120073,023503563,28006,N,1,238,201912
20191209,20191206,73,164120073,025124187,28018,N,10,239,201912
20191209,20191206,73,164120073,032541316,28017,N,1,240,201912
20191209,20191206,73,164120073,033326789,28017,N,1,241,201912
20191209,20191206,73,164120073,043756493,28010,N,1,242,201912
20191209,20191206,73,164120073,045744487,28010,N,5,243,201912
20191209,20191206,73,164120073,045744612,28010,N,7,244,201912
20191209,20191206,73,164120073,050111784,28007,N,5,245,201912
20191209,20191206,73,164120073,050208896,27999,N,14,246,201912
20191209,20191206,73,164120073,050343055,28009,N,4,247,201912
20191209,20191206,73,164120073,050933502,28004,N,1,248,201912
20191209,20191206,73,164120073,051704998,27994,N,2,249,201912
20191209,20191206,73,164120073,051817248,27993,N,2,250,201912
20191209,20191206,73,164120073,051846270,27994,N,2,251,201912
20191209,20191206,73,164120073,051847594,27996,N,1,252,201912
20191209,20191206,73,164120073,052054569,27995,N,1,253,201912
20191209,20191206,73,164120073,053001020,28049,E,42,254,201912
20191209,20191209,73,164120073,084501051,28020,O,4,255,201912
20191209,20191209,73,164120073,084826385,28015,N,2,256,201912
20191209,20191209,73,164120073,084904440,28013,N,3,257,201912
20191209,20191209,73,164120073,085647293,28014,N,1,258,201912
20191209,20191209,73,164120073,085647294,28014,N,2,259,201912
20191209,20191209,73,164120073,085647322,28014,N,2,260,201912
20191209,20191209,73,164120073,085903477,28008,N,1,261,201912
20191209,20191209,73,164120073,090042879,28008,N,10,262,201912
20191209,20191209,73,164120073,090126864,28000,N,1,263,201912
20191209,20191209,73,164120073,090126864,27999,N,9,264,201912
20191209,20191209,73,164120073,090208879,27992,N,10,265,201912
20191209,20191209,73,164120073,090208879,27988,N,1,266,201912
20191209,20191209,73,164120073,090219722,27993,N,1,267,201912
20191209,20191209,73,164120073,090259134,27992,N,10,268,201912
20191209,20191209,73,164120073,090259134,27991,N,1,269,201912
20191209,20191209,73,164120073,090349140,27997,N,10,270,201912
20191209,20191209,73,164120073,090349140,27996,N,1,271,201912
20191209,20191209,73,164120073,091344780,27987,N,1,272,201912
20191209,20191209,73,164120073,091453440,27976,N,10,273,201912
20191209,20191209,73,164120073,091453442,27974,N,3,274,201912
20191209,20191209,73,164120073,091629589,27971,N,1,275,201912
20191209,20191209,73,164120073,091629592,27971,N,5,276,201912
20191209,20191209,73,164120073,091632096,27971,N,10,277,201912
20191209,20191209,73,164120073,091638553,27971,N,1,278,201912
20191209,20191209,73,164120073,091650961,27972,N,10,279,201912
20191209,20191209,73,164120073,091919961,27969,N,2,280,201912
20191209,20191209,73,164120073,091919964,27969,N,8,281,201912
20191209,20191209,73,164120073,092310467,27979,N,5,282,201912
20191209,20191209,73,164120073,093211986,27965,N,2,283,201912
20191209,20191209,73,164120073,093624712,27968,N,10,284,201912
20191209,20191209,73,164120073,093624835,27973,N,11,285,201912
20191209,20191209,73,164120073,095022860,27968,N,1,286,201912
20191209,20191209,73,164120073,095208403,27973,N,5,287,201912
20191209,20191209,73,164120073,095333918,27963,N,11,288,201912
20191209,20191209,73,164120073,095355439,27965,N,11,289,201912
20191209,20191209,73,164120073,095710433,27964,N,11,290,201912
20191209,20191209,73,164120073,095720442,27965,N,1,291,201912
20191209,20191209,73,164120073,100004528,27966,N,1,292,201912
20191209,20191209,73,164120073,100046027,27967,N,10,293,201912
20191209,20191209,73,164120073,100046150,27967,N,3,294,201912
20191209,20191209,73,164120073,100620471,27966,N,1,295,201912
20191209,20191209,73,164120073,100620475,27966,N,5,296,201912
20191209,20191209,73,164120073,100620848,27965,N,1,297,201912
20191209,20191209,73,164120073,100839212,27950,N,2,298,201912
20191209,20191209,73,164120073,100839214,27950,N,6,299,201912
20191209,20191209,73,164120073,100839287,27949,N,1,300,201912
20191209,20191209,73,164120073,100922535,27956,N,1,301,201912
20191209,20191209,73,164120073,103314896,27970,N,1,302,201912
20191209,20191209,73,164120073,103858405,27973,N,5,303,201912
20191209,20191209,73,164120073,110642316,27969,N,1,304,201912
20191209,20191209,73,164120073,110710107,27968,N,1,305,201912
20191209,20191209,73,164120073,110804263,27967,N,1,306,201912
20191209,20191209,73,164120073,112413998,27975,N,1,307,201912
20191209,20191209,73,164120073,113235378,27981,N,5,308,201912
20191209,20191209,73,164120073,113959067,27987,N,1,309,201912
20191209,20191209,73,164120073,114454416,27994,N,1,310,201912
20191209,20191209,73,164120073,114727167,27986,N,5,311,201912
20191209,20191209,73,164120073,114747677,27986,N,1,312,201912
20191209,20191209,73,164120073,121442246,27983,N,1,313,201912
20191209,20191209,73,164120073,123758066,27969,N,1,314,201912
20191209,20191209,73,164120073,125804670,27969,N,1,315,201912
20191209,20191209,73,164120073,140226851,27974,N,1,316,201912
20191209,20191209,73,164120073,141945183,27968,N,3,317,201912
20191209,20191209,73,164120073,142126632,27966,N,1,318,201912
20191209,20191209,73,164120073,142139762,27966,N,1,319,201912
20191209,20191209,73,164120073,142303148,27970,N,1,320,201912
20191209,20191209,73,164120073,143159211,27970,N,1,321,201912
20191209,20191209,73,164120073,143307449,27978,N,1,322,201912
20191209,20191209,73,164120073,143624374,27976,N,1,323,201912
20191209,20191209,73,164120073,143938537,27970,N,1,324,201912
20191209,20191209,73,164120073,144643649,27974,N,1,325,201912
20191209,20191209,73,164120073,144946061,27974,N,1,326,201912
20191209,20191209,73,164120073,150448344,27979,N,3,327,201912
20191209,20191209,73,164120073,150500912,27979,N,1,328,201912
20191209,20191209,73,164120073,150501283,27978,N,1,329,201912
20191209,20191209,73,164120073,150557919,27976,N,1,330,201912
20191209,20191209,73,164120073,150651520,27976,N,1,331,201912
20191209,20191209,73,164120073,151501010,27958,E,2,332,201912
20191209,20191206,73,165030073,230043951,27877,O,1,333,202003
20191209,20191206,73,165030073,000630116,27901,N,1,334,202003
20191209,20191206,73,165030073,001638143,27878,N,1,335,202003
20191209,20191206,73,165030073,011159069,27980,N,1,336,202003
20191209,20191206,73,165030073,020351051,27933,E,1,337,202003
20191209,20191209,73,165030073,084501051,28000,O,3,338,202003
20191209,20191209,73,165030073,091015497,27992,N,4,339,202003
20191209,20191209,73,165030073,091041927,27986,N,4,340,202003
20191209,20191209,73,165030073,091337945,27979,N,1,341,202003
20191209,20191209,73,165030073,091500206,27979,N,3,342,202003
20191209,20191209,73,165030073,100934161,27970,N,1,343,202003
20191209,20191209,73,165030073,105330649,27964,N,2,344,202003
20191209,20191209,73,165030073,142054830,27960,N,1,345,202003
20191209,20191209,73,165030073,142054830,27958,E,2,346,202003
20191209,20191206,73,165060073,051802165,27865,O,2,347,202006
20191209,20191206,73,165060073,051811579,27865,N,2,348,202006
20191209,20191206,73,165060073,051837607,27875,E,2,349,202006
20191209,20191206,73,165090073,051834005,27775,O,2,350,202009
20191210,20191209,73,164120073,163001046,27994,O,2,1,201912
20191210,20191209,73,164120073,163900419,28007,N,5,2,201912
20191210,20191209,73,164120073,165616785,28007,N,9,3,201912
20191210,20191209,73,164120073,173029224,27992,N,1,4,201912
20191210,20191209,73,164120073,180324142,27984,N,4,5,201912
20191210,20191209,73,164120073,202427668,27981,N,3,6,201912
20191210,20191209,73,164120073,231225271,27979,N,1,7,201912
20191210,20191209,73,164120073,232332002,27978,N,10,8,201912
20191210,20191209,73,164120073,232959975,27975,N,11,9,201912
20191210,20191209,73,164120073,233000047,27978,N,6,10,201912
20191210,20191209,73,164120073,233000088,27978,N,4,11,201912
20191210,20191209,73,164120073,233057489,27982,N,1,12,201912
20191210,20191209,73,164120073,233235523,27967,N,1,13,201912
20191210,20191209,73,164120073,234034007,28000,N,1,14,201912
20191210,20191209,73,164120073,235548201,28000,N,1,15,201912
20191210,20191209,73,164120073,030013304,27947,N,1,16,201912
20191210,20191209,73,164120073,030157774,27942,N,1,17,201912
20191210,20191209,73,164120073,030346338,27949,N,1,18,201912
20191210,20191209,73,164120073,035629936,27960,N,1,19,201912
20191210,20191209,73,164120073,040740591,27925,N,1,20,201912
20191210,20191209,73,164120073,042649062,27938,N,1,21,201912
20191210,20191209,73,164120073,044148168,27941,N,1,22,201912
20191210,20191209,73,164120073,045541713,27950,N,1,23,201912
20191210,20191209,73,164120073,051712662,27959,E,1,24,201912
20191210,20191210,73,164120073,084501051,27899,O,1,25,201912
20191210,20191210,73,164120073,084836919,27901,N,2,26,201912
20191210,20191210,73,164120073,085331894,27906,N,1,27,201912
20191210,20191210,73,164120073,085424063,27901,N,4,28,201912
20191210,20191210,73,164120073,085424168,27901,N,4,29,201912
20191210,20191210,73,164120073,085424195,27902,N,7,30,201912
20191210,20191210,73,164120073,085424418,27901,N,12,31,201912
20191210,20191210,73,164120073,085633530,27900,N,1,32,201912
20191210,20191210,73,164120073,085702581,27895,N,5,33,201912
20191210,20191210,73,164120073,085719322,27895,N,5,34,201912
20191210,20191210,73,164120073,092313913,27903,N,1,35,201912
20191210,20191210,73,164120073,092332518,27900,N,1,36,201912
20191210,20191210,73,164120073,092352671,27895,N,4,37,201912
20191210,20191210,73,164120073,092400689,27895,N,3,38,201912
20191210,20191210,73,164120073,092402391,27895,N,23,39,201912
20191210,20191210,73,164120073,094356354,27901,N,2,40,201912
20191210,20191210,73,164120073,095018339,27906,N,1,41,201912
20191210,20191210,73,164120073,101342215,27894,N,1,42,201912
20191210,20191210,73,164120073,101602012,27893,N,1,43,201912
20191210,20191210,73,164120073,103220911,27899,N,2,44,201912
20191210,20191210,73,164120073,103844022,27913,N,1,45,201912
20191210,20191210,73,164120073,105628264,27894,N,12,46,201912
20191210,20191210,73,164120073,105740617,27897,N,8,47,201912
20191210,20191210,73,164120073,112036378,27910,N,4,48,201912
20191210,20191210,73,164120073,112146112,27913,N,4,49,201912
20191210,20191210,73,164120073,112337068,27920,N,5,50,201912
20191210,20191210,73,164120073,120659268,27928,N,2,51,201912
20191210,20191210,73,164120073,121258363,27928,N,1,52,201912
20191210,20191210,73,164120073,125048288,27921,N,3,53,201912
20191210,20191210,73,164120073,125613798,27920,N,2,54,201912
20191210,20191210,73,164120073,130034094,27918,N,1,55,201912
20191210,20191210,73,164120073,130042407,27918,N,1,56,201912
20191210,20191210,73,164120073,130150238,27919,N,1,57,201912
20191210,20191210,73,164120073,130254769,27918,N,1,58,201912
20191210,20191210,73,164120073,130325822,27917,N,1,59,201912
20191210,20191210,73,164120073,140622380,27914,N,1,60,201912
20191210,20191210,73,164120073,143042727,27916,N,3,61,201912
20191210,20191210,73,164120073,143619955,27910,N,1,62,201912
20191210,20191210,73,164120073,145155309,27913,E,4,63,201912
20191210,20191209,73,165030073,231200693,27998,O,1,64,202003
20191210,20191210,73,165030073,085335272,27900,O,1,65,202003
20191210,20191210,73,165030073,090219423,27940,N,1,66,202003
20191210,20191210,73,165030073,090305597,27950,N,1,67,202003
20191210,20191210,73,165030073,094931093,27939,N,1,68,202003
20191210,20191210,73,165030073,125519779,27888,N,1,69,202003
20191210,20191210,73,165030073,125519779,27865,N,1,70,202003
20191210,20191210,73,165030073,125519779,27851,N,1,71,202003
20191210,20191210,73,165030073,125519779,27850,N,1,72,202003
20191210,20191210,73,165030073,125521276,27638,N,1,73,202003
20191210,20191210,73,165030073,125849738,27802,E,1,74,202003
20191211,20191210,73,164120073,163001047,27919,O,1,1,201912
20191211,20191210,73,164120073,163403837,27919,N,1,2,201912
20191211,20191210,73,164120073,170112404,27901,N,1,3,201912
20191211,20191210,73,164120073,171214821,27890,N,10,4,201912
20191211,20191210,73,164120073,172051853,27891,N,1,5,201912
20191211,20191210,73,164120073,172331888,27895,N,1,6,201912
20191211,20191210,73,164120073,172532518,27890,N,3,7,201912
20191211,20191210,73,164120073,172548458,27890,N,3,8,201912
20191211,20191210,73,164120073,172555935,27890,N,4,9,201912
20191211,20191210,73,164120073,173406644,27863,N,3,10,201912
20191211,20191210,73,164120073,173437819,27863,N,1,11,201912
20191211,20191210,73,164120073,174344168,27863,N,6,12,201912
20191211,20191210,73,164120073,174345234,27863,N,6,13,201912
20191211,20191210,73,164120073,174345355,27863,N,6,14,201912
20191211,20191210,73,164120073,174345476,27863,N,4,15,201912
20191211,20191210,73,164120073,174345938,27863,N,18,16,201912
20191211,20191210,73,164120073,174454674,27848,N,1,17,201912
20191211,20191210,73,164120073,174856864,27848,N,10,18,201912
20191211,20191210,73,164120073,175233683,27820,N,1,19,201912
20191211,20191210,73,164120073,175233685,27814,N,1,20,201912
20191211,20191210,73,164120073,175233686,27814,N,1,21,201912
20191211,20191210,73,164120073,175516487,27791,N,5,22,201912
20191211,20191210,73,164120073,175724880,27791,N,1,23,201912
20191211,20191210,73,164120073,180221264,27795,N,10,24,201912
20191211,20191210,73,164120073,180535960,27785,N,1,25,201912
20191211,20191210,73,164120073,180607023,27777,N,1,26,201912
20191211,20191210,73,164120073,180624607,27777,N,1,27,201912
20191211,20191210,73,164120073,180703357,27784,N,1,28,201912
20191211,20191210,73,164120073,181007171,27784,N,1,29,201912
20191211,20191210,73,164120073,181524175,27793,N,1,30,201912
20191211,20191210,73,164120073,182734887,27785,N,1,31,201912
20191211,20191210,73,164120073,190437095,27805,N,20,32,201912
20191211,20191210,73,164120073,190450251,27804,N,1,33,201912
20191211,20191210,73,164120073,190547042,27806,N,1,34,201912
20191211,20191210,73,164120073,190547431,27813,N,5,35,201912
20191211,20191210,73,164120073,190840927,27815,N,1,36,201912
20191211,20191210,73,164120073,191344166,27828,N,1,37,201912
20191211,20191210,73,164120073,193451741,27803,N,1,38,201912
20191211,20191210,73,164120073,200529016,27807,N,1,39,201912
20191211,20191210,73,164120073,202757221,27734,N,1,40,201912
20191211,20191210,73,164120073,202801232,27730,N,1,41,201912
20191211,20191210,73,164120073,202903073,27726,N,1,42,201912
20191211,20191210,73,164120073,202919411,27738,N,1,43,201912
20191211,20191210,73,164120073,202936574,27739,N,1,44,201912
20191211,20191210,73,164120073,203925933,27780,N,1,45,201912
20191211,20191210,73,164120073,204113327,27780,N,1,46,201912
20191211,20191210,73,164120073,204345158,27782,N,1,47,201912
20191211,20191210,73,164120073,214642806,27798,N,1,48,201912
20191211,20191210,73,164120073,215234203,27784,N,2,49,201912
20191211,20191210,73,164120073,221123721,27790,N,17,50,201912
20191211,20191210,73,164120073,221636450,27817,N,1,51,201912
20191211,20191210,73,164120073,221859990,27807,N,1,52,201912
20191211,20191210,73,164120073,222008393,27811,N,1,53,201912
20191211,20191210,73,164120073,222701530,27850,N,1,54,201912
20191211,20191210,73,164120073,223226465,27868,N,10,55,201912
20191211,20191210,73,164120073,223226481,27867,N,6,56,201912
20191211,20191210,73,164120073,223530771,27908,N,1,57,201912
20191211,20191210,73,164120073,223544920,27914,N,1,58,201912
20191211,20191210,73,164120073,223554001,27913,N,1,59,201912
20191211,20191210,73,164120073,224225928,27950,N,1,60,201912
20191211,20191210,73,164120073,224253257,27947,N,1,61,201912
20191211,20191210,73,164120073,224305259,27947,N,1,62,201912
20191211,20191210,73,164120073,224426419,27934,N,10,63,201912
20191211,20191210,73,164120073,224444762,27931,N,2,64,201912
20191211,20191210,73,164120073,224457534,27932,N,5,65,201912
20191211,20191210,73,164120073,224549158,27941,N,1,66,201912
20191211,20191210,73,164120073,225000590,27925,N,2,67,201912
20191211,20191210,73,164120073,225737708,27930,N,1,68,201912
20191211,20191210,73,164120073,230239096,27919,N,1,69,201912
20191211,20191210,73,164120073,230307336,27917,N,1,70,201912
20191211,20191210,73,164120073,230832656,27917,N,1,71,201912
20191211,20191210,73,164120073,231336513,27920,N,1,72,201912
20191211,20191210,73,164120073,231539604,27919,N,1,73,201912
20191211,20191210,73,164120073,233529953,27873,N,1,74,201912
20191211,20191210,73,164120073,233826118,27827,N,1,75,201912
20191211,20191210,73,164120073,233955632,27820,N,6,76,201912
20191211,20191210,73,164120073,234159851,27821,N,1,77,201912
20191211,20191210,73,164120073,234205564,27822,N,1,78,201912
20191211,20191210,73,164120073,234717984,27857,N,1,79,201912
20191211,20191210,73,164120073,235351953,27856,N,1,80,201912
20191211,20191210,73,164120073,235445152,27873,N,1,81,201912
20191211,20191210,73,164120073,235833527,27859,N,1,82,201912
20191211,20191210,73,164120073,235948772,27867,N,1,83,201912
20191211,20191210,73,164120073,000017371,27863,N,1,84,201912
20191211,20191210,73,164120073,000038164,27873,N,1,85,201912
20191211,20191210,73,164120073,000204779,27893,N,1,86,201912
20191211,20191210,73,164120073,000552068,27886,N,1,87,201912
20191211,20191210,73,164120073,000901228,27897,N,1,88,201912
20191211,20191210,73,164120073,001253188,27908,N,1,89,201912
20191211,20191210,73,164120073,001354091,27915,N,1,90,201912
20191211,20191210,73,164120073,002225216,27924,N,1,91,201912
20191211,20191210,73,164120073,002402660,27931,N,1,92,201912
20191211,20191210,73,164120073,002520608,27932,N,2,93,201912
20191211,20191210,73,164120073,004235010,27921,N,3,94,201912
20191211,20191210,73,164120073,012226326,27900,N,2,95,201912
20191211,20191210,73,164120073,020741477,27902,N,1,96,201912
20191211,20191210,73,164120073,021143495,27903,N,1,97,201912
20191211,20191210,73,164120073,021502672,27903,N,1,98,201912
20191211,20191210,73,164120073,032657114,27920,N,1,99,201912
20191211,20191210,73,164120073,033131539,27912,N,1,100,201912
20191211,20191210,73,164120073,040714501,27923,N,2,101,201912
20191211,20191210,73,164120073,042729967,27925,N,1,102,201912
20191211,20191210,73,164120073,044206540,27915,N,6,103,201912
20191211,20191210,73,164120073,044206778,27915,N,4,104,201912
20191211,20191210,73,164120073,052310850,27898,E,1,105,201912
20191211,20191211,73,164120073,084501051,27899,O,1,106,201912
