Trade_Date,Make_Date,Index_Type,Security_Code,Time,Trade_Price,Price_Type,Trade_Volume,No,Contract_Month
20191001,20190930,73,164120073,163001046,26848,O,1,1,201912
20191001,20190930,73,164120073,163023100,26867,N,1,2,201912
20191001,20190930,73,164120073,164642574,26836,N,1,3,201912
20191001,20190930,73,164120073,170820822,26897,N,5,4,201912
20191001,20190930,73,164120073,170919095,26897,N,1,5,201912
20191001,20190930,73,164120073,170953856,26897,N,1,6,201912
20191001,20190930,73,164120073,180815450,26872,N,3,7,201912
20191001,20190930,73,164120073,183029015,26860,N,6,8,201912
20191001,20190930,73,164120073,183036181,26860,N,4,9,201912
20191001,20190930,73,164120073,183324598,26841,N,2,10,201912
20191001,20190930,73,164120073,191543824,26855,N,3,11,201912
20191001,20190930,73,164120073,191705219,26859,N,10,12,201912
20191001,20190930,73,164120073,193315256,26850,N,2,13,201912
20191001,20190930,73,164120073,193906001,26840,N,2,14,201912
20191001,20190930,73,164120073,195044825,26833,N,1,15,201912
20191001,20190930,73,164120073,195904279,26824,N,1,16,201912
20191001,20190930,73,164120073,200202485,26817,N,5,17,201912
20191001,20190930,73,164120073,200547321,26817,N,1,18,201912
20191001,20190930,73,164120073,200748355,26817,N,1,19,201912
20191001,20190930,73,164120073,201135946,26813,N,2,20,201912
20191001,20190930,73,164120073,201318562,26813,N,2,21,201912
20191001,20190930,73,164120073,201428282,26816,N,1,22,201912
20191001,20190930,73,164120073,201514169,26815,N,1,23,201912
20191001,20190930,73,164120073,202232756,26831,N,1,24,201912
20191001,20190930,73,164120073,220130404,26807,N,1,25,201912
20191001,20190930,73,164120073,220130407,26777,N,1,26,201912
20191001,20190930,73,164120073,220305726,26791,N,3,27,201912
20191001,20190930,73,164120073,220538499,26818,N,1,28,201912
20191001,20190930,73,164120073,221420731,26805,N,2,29,201912
20191001,20190930,73,164120073,224359524,26847,N,2,30,201912
20191001,20190930,73,164120073,224400198,26847,N,1,31,201912
20191001,20190930,73,164120073,225218668,26860,N,1,32,201912
20191001,20190930,73,164120073,230333966,26843,N,1,33,201912
20191001,20190930,73,164120073,231508176,26869,N,1,34,201912
20191001,20190930,73,164120073,232041131,26831,N,1,35,201912
20191001,20190930,73,164120073,232320359,26831,N,1,36,201912
20191001,20190930,73,164120073,000952117,26860,N,1,37,201912
20191001,20190930,73,164120073,001958020,26869,N,1,38,201912
20191001,20190930,73,164120073,002609399,26888,N,1,39,201912
20191001,20190930,73,164120073,002609434,26890,N,1,40,201912
20191001,20190930,73,164120073,002610852,26897,N,1,41,201912
20191001,20190930,73,164120073,002940961,26888,N,1,42,201912
20191001,20190930,73,164120073,003301135,26900,N,5,43,201912
20191001,20190930,73,164120073,003301259,26900,N,2,44,201912
20191001,20190930,73,164120073,003431886,26900,N,1,45,201912
20191001,20190930,73,164120073,003443057,26900,N,5,46,201912
20191001,20190930,73,164120073,003443181,26900,N,1,47,201912
20191001,20190930,73,164120073,003636278,26897,N,2,48,201912
20191001,20190930,73,164120073,003802079,26906,N,11,49,201912
20191001,20190930,73,164120073,003802079,26919,N,10,50,201912
20191001,20190930,73,164120073,003802079,26920,N,9,51,201912
20191001,20190930,73,164120073,004312883,26918,N,1,52,201912
20191001,20190930,73,164120073,010100563,26920,N,1,53,201912
20191001,20190930,73,164120073,012108363,26916,N,1,54,201912
20191001,20190930,73,164120073,012330263,26919,N,1,55,201912
20191001,20190930,73,164120073,013142778,26911,N,2,56,201912
20191001,20190930,73,164120073,022041801,26920,N,1,57,201912
20191001,20190930,73,164120073,024543213,26919,N,10,58,201912
20191001,20190930,73,164120073,024704122,26920,N,10,59,201912
20191001,20190930,73,164120073,024821546,26921,N,5,60,201912
20191001,20190930,73,164120073,024821671,26921,N,5,61,201912
20191001,20190930,73,164120073,024822533,26922,N,1,62,201912
20191001,20190930,73,164120073,024833859,26925,N,5,63,201912
20191001,20190930,73,164120073,032220805,26925,N,1,64,201912
20191001,20190930,73,164120073,033735077,26921,N,3,65,201912
20191001,20190930,73,164120073,033736051,26900,N,1,66,201912
20191001,20190930,73,164120073,040452234,26900,N,2,67,201912
20191001,20190930,73,164120073,041428577,26901,N,1,68,201912
20191001,20190930,73,164120073,043342873,26883,N,1,69,201912
20191001,20190930,73,164120073,045500583,26879,E,10,70,201912
20191001,20191001,73,164120073,084501051,26926,O,2,71,201912
20191001,20191001,73,164120073,091236468,26914,N,1,72,201912
20191001,20191001,73,164120073,094457634,26944,N,10,73,201912
20191001,20191001,73,164120073,094457849,26948,N,6,74,201912
20191001,20191001,73,164120073,094457888,26950,N,3,75,201912
20191001,20191001,73,164120073,094457921,26951,N,1,76,201912
20191001,20191001,73,164120073,095117323,26955,N,5,77,201912
20191001,20191001,73,164120073,095117325,26957,N,10,78,201912
20191001,20191001,73,164120073,100251382,26963,N,1,79,201912
20191001,20191001,73,164120073,100313325,26980,N,5,80,201912
20191001,20191001,73,164120073,100313329,26980,N,1,81,201912
20191001,20191001,73,164120073,100649030,26980,N,9,82,201912
20191001,20191001,73,164120073,101145253,26970,N,1,83,201912
20191001,20191001,73,164120073,101804635,26974,N,1,84,201912
20191001,20191001,73,164120073,102527058,26985,N,1,85,201912
20191001,20191001,73,164120073,104723526,26973,N,4,86,201912
20191001,20191001,73,164120073,105234335,26974,N,1,87,201912
20191001,20191001,73,164120073,112012314,26958,N,10,88,201912
20191001,20191001,73,164120073,112112766,26959,N,10,89,201912
20191001,20191001,73,164120073,113340882,26961,N,1,90,201912
20191001,20191001,73,164120073,132305206,26967,N,1,91,201912
20191001,20191001,73,164120073,141407349,26960,N,3,92,201912
20191001,20191001,73,164120073,142426401,26968,N,5,93,201912
20191001,20191001,73,164120073,142520970,26970,N,5,94,201912
20191001,20191001,73,164120073,143635973,26965,N,5,95,201912
20191001,20191001,73,164120073,150158149,26971,N,11,96,201912
20191001,20191001,73,164120073,150200268,26971,N,1,97,201912
20191001,20191001,73,164120073,150750418,26980,N,1,98,201912
20191001,20191001,73,164120073,151501009,26985,E,3,99,201912
20191001,20191001,73,165030073,102516184,26900,O,5,100,202003
20191002,20191001,73,164120073,164746450,26976,O,1,1,201912
20191002,20191001,73,164120073,170723926,26950,N,2,2,201912
20191002,20191001,73,164120073,171003529,26940,N,2,3,201912
20191002,20191001,73,164120073,174702120,26969,N,10,4,201912
20191002,20191001,73,164120073,174856207,26985,N,6,5,201912
20191002,20191001,73,164120073,175057798,26975,N,5,6,201912
20191002,20191001,73,164120073,175848688,26965,N,1,7,201912
20191002,20191001,73,164120073,180014769,26960,N,10,8,201912
20191002,20191001,73,164120073,180326982,26945,N,1,9,201912
20191002,20191001,73,164120073,181522581,26948,N,1,10,201912
20191002,20191001,73,164120073,195624094,26945,N,1,11,201912
20191002,20191001,73,164120073,200701384,26918,N,2,12,201912
20191002,20191001,73,164120073,203644119,26929,N,1,13,201912
20191002,20191001,73,164120073,210407233,26922,N,2,14,201912
20191002,20191001,73,164120073,210909339,26915,N,2,15,201912
20191002,20191001,73,164120073,214443871,26950,N,1,16,201912
20191002,20191001,73,164120073,215851958,26950,N,2,17,201912
20191002,20191001,73,164120073,222717822,26941,N,2,18,201912
20191002,20191001,73,164120073,223000493,26930,N,10,19,201912
20191002,20191001,73,164120073,223424549,26932,N,1,20,201912
20191002,20191001,73,164120073,223527127,26928,N,1,21,201912
20191002,20191001,73,164120073,223937671,26962,N,1,22,201912
20191002,20191001,73,164120073,224723827,26979,N,1,23,201912
20191002,20191001,73,164120073,225335668,26962,N,1,24,201912
20191002,20191001,73,164120073,230004161,26912,N,4,25,201912
20191002,20191001,73,164120073,230005552,26905,N,1,26,201912
20191002,20191001,73,164120073,230008616,26900,N,1,27,201912
20191002,20191001,73,164120073,230250835,26883,N,10,28,201912
20191002,20191001,73,164120073,230309966,26875,N,1,29,201912
20191002,20191001,73,164120073,230323001,26872,N,1,30,201912
20191002,20191001,73,164120073,230406323,26850,N,1,31,201912
20191002,20191001,73,164120073,230414647,26843,N,1,32,201912
20191002,20191001,73,164120073,230500402,26840,N,4,33,201912
20191002,20191001,73,164120073,230534267,26808,N,1,34,201912
20191002,20191001,73,164120073,230534376,26804,N,10,35,201912
20191002,20191001,73,164120073,230537768,26800,N,3,36,201912
20191002,20191001,73,164120073,230542207,26804,N,2,37,201912
20191002,20191001,73,164120073,230752040,26795,N,1,38,201912
20191002,20191001,73,164120073,230752042,26795,N,1,39,201912
20191002,20191001,73,164120073,230752836,26795,N,2,40,201912
20191002,20191001,73,164120073,230937959,26783,N,2,41,201912
20191002,20191001,73,164120073,231007130,26773,N,10,42,201912
20191002,20191001,73,164120073,231009880,26780,N,1,43,201912
20191002,20191001,73,164120073,231119585,26789,N,1,44,201912
20191002,20191001,73,164120073,231207240,26789,N,1,45,201912
20191002,20191001,73,164120073,231234883,26780,N,1,46,201912
20191002,20191001,73,164120073,231259016,26755,N,1,47,201912
20191002,20191001,73,164120073,231300617,26750,N,1,48,201912
20191002,20191001,73,164120073,231306238,26734,N,10,49,201912
20191002,20191001,73,164120073,231351492,26741,N,1,50,201912
20191002,20191001,73,164120073,231357105,26741,N,10,51,201912
20191002,20191001,73,164120073,231424679,26725,N,1,52,201912
20191002,20191001,73,164120073,231536750,26773,N,1,53,201912
20191002,20191001,73,164120073,231541001,26751,N,2,54,201912
20191002,20191001,73,164120073,231541440,26743,N,3,55,201912
20191002,20191001,73,164120073,231549270,26754,N,1,56,201912
20191002,20191001,73,164120073,231603511,26765,N,2,57,201912
20191002,20191001,73,164120073,231737478,26744,N,5,58,201912
20191002,20191001,73,164120073,231822955,26738,N,2,59,201912
20191002,20191001,73,164120073,231823149,26730,N,6,60,201912
20191002,20191001,73,164120073,231951622,26736,N,11,61,201912
20191002,20191001,73,164120073,231951622,26737,N,8,62,201912
20191002,20191001,73,164120073,231958699,26730,N,2,63,201912
20191002,20191001,73,164120073,232000881,26725,N,1,64,201912
20191002,20191001,73,164120073,232012453,26743,N,5,65,201912
20191002,20191001,73,164120073,232021428,26705,N,1,66,201912
20191002,20191001,73,164120073,232021545,26705,N,4,67,201912
20191002,20191001,73,164120073,232021975,26700,N,2,68,201912
20191002,20191001,73,164120073,232023079,26695,N,1,69,201912
20191002,20191001,73,164120073,232125027,26704,N,2,70,201912
20191002,20191001,73,164120073,232203400,26711,N,10,71,201912
20191002,20191001,73,164120073,232240849,26700,N,1,72,201912
20191002,20191001,73,164120073,232259217,26700,N,1,73,201912
20191002,20191001,73,164120073,232310146,26700,N,4,74,201912
20191002,20191001,73,164120073,232325404,26690,N,1,75,201912
20191002,20191001,73,164120073,232412961,26692,N,1,76,201912
20191002,20191001,73,164120073,232455597,26701,N,10,77,201912
20191002,20191001,73,164120073,232455640,26711,N,5,78,201912
20191002,20191001,73,164120073,232542872,26713,N,1,79,201912
20191002,20191001,73,164120073,233003211,26743,N,3,80,201912
20191002,20191001,73,164120073,233016509,26730,N,1,81,201912
20191002,20191001,73,164120073,233124199,26738,N,1,82,201912
20191002,20191001,73,164120073,233302679,26750,N,1,83,201912
20191002,20191001,73,164120073,233442420,26767,N,1,84,201912
20191002,20191001,73,164120073,233548794,26752,N,1,85,201912
20191002,20191001,73,164120073,233639470,26740,N,1,86,201912
20191002,20191001,73,164120073,233639594,26740,N,1,87,201912
20191002,20191001,73,164120073,233657465,26744,N,1,88,201912
20191002,20191001,73,164120073,233807619,26750,N,1,89,201912
20191002,20191001,73,164120073,233855224,26743,N,1,90,201912
20191002,20191001,73,164120073,233922113,26759,N,1,91,201912
20191002,20191001,73,164120073,233927496,26740,N,1,92,201912
20191002,20191001,73,164120073,233934635,26737,N,1,93,201912
20191002,20191001,73,164120073,234006332,26758,N,1,94,201912
20191002,20191001,73,164120073,234028478,26744,N,1,95,201912
20191002,20191001,73,164120073,234035173,26736,N,1,96,201912
20191002,20191001,73,164120073,234151159,26739,N,1,97,201912
20191002,20191001,73,164120073,234212807,26730,N,4,98,201912
20191002,20191001,73,164120073,234405856,26718,N,10,99,201912
20191002,20191001,73,164120073,234405856,26719,N,10,100,201912
20191002,20191001,73,164120073,234414204,26714,N,21,101,201912
20191002,20191001,73,164120073,234414408,26712,N,9,102,201912
20191002,20191001,73,164120073,234517378,26713,N,2,103,201912
20191002,20191001,73,164120073,234731402,26727,N,2,104,201912
20191002,20191001,73,164120073,234734941,26734,N,4,105,201912
20191002,20191001,73,164120073,234745208,26727,N,1,106,201912
20191002,20191001,73,164120073,234857413,26725,N,1,107,201912
20191002,20191001,73,164120073,234904819,26720,N,1,108,201912
20191002,20191001,73,164120073,234905735,26722,N,1,109,201912
20191002,20191001,73,164120073,234910643,26716,N,10,110,201912
20191002,20191001,73,164120073,235000375,26710,N,1,111,201912
20191002,20191001,73,164120073,235003884,26705,N,1,112,201912
20191002,20191001,73,164120073,235022285,26719,N,1,113,201912
20191002,20191001,73,164120073,235237854,26735,N,1,114,201912
20191002,20191001,73,164120073,235810595,26719,N,1,115,201912
20191002,20191001,73,164120073,235855989,26715,N,1,116,201912
20191002,20191001,73,164120073,235859532,26713,N,1,117,201912
20191002,20191001,73,164120073,235904309,26705,N,1,118,201912
20191002,20191001,73,164120073,235915220,26700,N,1,119,201912
20191002,20191001,73,164120073,235935858,26691,N,1,120,201912
20191002,20191001,73,164120073,000109229,26678,N,1,121,201912
20191002,20191001,73,164120073,000128979,26685,N,1,122,201912
20191002,20191001,73,164120073,000208221,26685,N,1,123,201912
20191002,20191001,73,164120073,000233161,26684,N,5,124,201912
20191002,20191001,73,164120073,000321353,26670,N,2,125,201912
20191002,20191001,73,164120073,000342821,26660,N,1,126,201912
20191002,20191001,73,164120073,000342823,26658,N,1,127,201912
20191002,20191001,73,164120073,000343984,26650,N,1,128,201912
20191002,20191001,73,164120073,000344000,26633,N,1,129,201912
20191002,20191001,73,164120073,000621519,26659,N,1,130,201912
20191002,20191001,73,164120073,000628120,26640,N,3,131,201912
20191002,20191001,73,164120073,000640971,26668,N,2,132,201912
20191002,20191001,73,164120073,000648693,26652,N,2,133,201912
20191002,20191001,73,164120073,000650938,26659,N,1,134,201912
20191002,20191001,73,164120073,000658688,26651,N,2,135,201912
20191002,20191001,73,164120073,000737680,26655,N,1,136,201912
20191002,20191001,73,164120073,000944195,26685,N,1,137,201912
20191002,20191001,73,164120073,001040319,26671,N,1,138,201912
20191002,20191001,73,164120073,001842079,26679,N,1,139,201912
20191002,20191001,73,164120073,001851663,26669,N,1,140,201912
20191002,20191001,73,164120073,002021860,26666,N,1,141,201912
20191002,20191001,73,164120073,002119122,26680,N,1,142,201912
20191002,20191001,73,164120073,002332169,26675,N,3,143,201912
20191002,20191001,73,164120073,002347601,26682,N,1,144,201912
20191002,20191001,73,164120073,003922451,26677,N,1,145,201912
20191002,20191001,73,164120073,004052643,26670,N,10,146,201912
20191002,20191001,73,164120073,004311452,26650,N,2,147,201912
20191002,20191001,73,164120073,004813288,26650,N,1,148,201912
20191002,20191001,73,164120073,005907386,26646,N,2,149,201912
20191002,20191001,73,164120073,010506756,26620,N,3,150,201912
20191002,20191001,73,164120073,010513889,26615,N,1,151,201912
20191002,20191001,73,164120073,010621563,26600,N,1,152,201912
20191002,20191001,73,164120073,010621566,26593,N,2,153,201912
20191002,20191001,73,164120073,010653178,26597,N,2,154,201912
20191002,20191001,73,164120073,010707194,26600,N,1,155,201912
20191002,20191001,73,164120073,011225429,26600,N,1,156,201912
20191002,20191001,73,164120073,011338836,26590,N,1,157,201912
20191002,20191001,73,164120073,011341775,26588,N,1,158,201912
20191002,20191001,73,164120073,011342051,26581,N,1,159,201912
20191002,20191001,73,164120073,011420453,26580,N,2,160,201912
20191002,20191001,73,164120073,011424430,26578,N,1,161,201912
20191002,20191001,73,164120073,011436884,26592,N,1,162,201912
20191002,20191001,73,164120073,011459673,26582,N,1,163,201912
20191002,20191001,73,164120073,011512667,26593,N,1,164,201912
20191002,20191001,73,164120073,011612099,26575,N,2,165,201912
20191002,20191001,73,164120073,012437697,26580,N,1,166,201912
20191002,20191001,73,164120073,012451122,26575,N,1,167,201912
20191002,20191001,73,164120073,013354336,26600,N,1,168,201912
20191002,20191001,73,164120073,014654708,26615,N,1,169,201912
20191002,20191001,73,164120073,015302427,26600,N,5,170,201912
20191002,20191001,73,164120073,015302571,26600,N,5,171,201912
20191002,20191001,73,164120073,015939840,26585,N,11,172,201912
20191002,20191001,73,164120073,015939854,26585,N,5,173,201912
20191002,20191001,73,164120073,015940313,26585,N,4,174,201912
20191002,20191001,73,164120073,020212326,26586,N,10,175,201912
20191002,20191001,73,164120073,020212326,26587,N,5,176,201912
20191002,20191001,73,164120073,020212507,26582,N,8,177,201912
20191002,20191001,73,164120073,021113414,26560,N,2,178,201912
20191002,20191001,73,164120073,021517980,26550,N,1,179,201912
20191002,20191001,73,164120073,021936278,26544,N,2,180,201912
20191002,20191001,73,164120073,023213657,26550,N,1,181,201912
20191002,20191001,73,164120073,023426302,26530,N,1,182,201912
20191002,20191001,73,164120073,023810005,26526,N,1,183,201912
20191002,20191001,73,164120073,024915307,26545,N,2,184,201912
20191002,20191001,73,164120073,030715074,26525,N,1,185,201912
20191002,20191001,73,164120073,030908403,26536,N,1,186,201912
20191002,20191001,73,164120073,030919292,26528,N,1,187,201912
20191002,20191001,73,164120073,030956959,26520,N,5,188,201912
20191002,20191001,73,164120073,030957103,26520,N,5,189,201912
20191002,20191001,73,164120073,031102718,26513,N,1,190,201912
20191002,20191001,73,164120073,032533791,26557,N,1,191,201912
20191002,20191001,73,164120073,033247459,26579,N,7,192,201912
20191002,20191001,73,164120073,034303844,26584,N,1,193,201912
20191002,20191001,73,164120073,035810847,26576,N,1,194,201912
20191002,20191001,73,164120073,040754890,26576,N,3,195,201912
20191002,20191001,73,164120073,040813818,26590,N,6,196,201912
20191002,20191001,73,164120073,041450361,26571,N,1,197,201912
20191002,20191001,73,164120073,041517373,26567,N,1,198,201912
20191002,20191001,73,164120073,041939103,26577,N,1,199,201912
20191002,20191001,73,164120073,041950739,26574,N,1,200,201912
20191002,20191001,73,164120073,042041502,26567,N,1,201,201912
20191002,20191001,73,164120073,042106108,26571,N,1,202,201912
20191002,20191001,73,164120073,042127750,26562,N,1,203,201912
20191002,20191001,73,164120073,042205974,26560,N,1,204,201912
20191002,20191001,73,164120073,043223999,26574,N,10,205,201912
20191002,20191001,73,164120073,045855188,26513,N,1,206,201912
20191002,20191001,73,164120073,050542012,26522,N,1,207,201912
20191002,20191001,73,164120073,050615386,26522,N,1,208,201912
20191002,20191001,73,164120073,051400073,26515,N,1,209,201912
20191002,20191001,73,164120073,051432752,26500,N,3,210,201912
20191002,20191001,73,164120073,051432755,26490,N,1,211,201912
20191002,20191001,73,164120073,051432755,26479,N,9,212,201912
20191002,20191001,73,164120073,053001019,26534,E,1,213,201912
20191002,20191002,73,164120073,084501051,26545,O,1,214,201912
20191002,20191002,73,164120073,084602384,26572,N,1,215,201912
20191002,20191002,73,164120073,085005055,26550,N,10,216,201912
20191002,20191002,73,164120073,085005870,26557,N,4,217,201912
20191002,20191002,73,164120073,085028761,26557,N,10,218,201912
20191002,20191002,73,164120073,085031681,26551,N,10,219,201912
20191002,20191002,73,164120073,085043230,26552,N,10,220,201912
20191002,20191002,73,164120073,085050063,26554,N,5,221,201912
20191002,20191002,73,164120073,085051788,26553,N,11,222,201912
20191002,20191002,73,164120073,085053592,26552,N,5,223,201912
20191002,20191002,73,164120073,085053717,26553,N,11,224,201912
20191002,20191002,73,164120073,085053717,26552,N,5,225,201912
20191002,20191002,73,164120073,085055541,26553,N,11,226,201912
20191002,20191002,73,164120073,085057366,26553,N,5,227,201912
20191002,20191002,73,164120073,085059090,26552,N,11,228,201912
20191002,20191002,73,164120073,085100608,26557,N,1,229,201912
20191002,20191002,73,164120073,085100608,26552,N,11,230,201912
20191002,20191002,73,164120073,085102332,26551,N,5,231,201912
20191002,20191002,73,164120073,085103858,26550,N,11,232,201912
20191002,20191002,73,164120073,085107626,26553,N,1,233,201912
20191002,20191002,73,164120073,085113627,26554,N,1,234,201912
20191002,20191002,73,164120073,090001463,26561,N,2,235,201912
20191002,20191002,73,164120073,091839611,26586,N,5,236,201912
20191002,20191002,73,164120073,092129185,26572,N,5,237,201912
20191002,20191002,73,164120073,092314987,26561,N,4,238,201912
20191002,20191002,73,164120073,093959039,26550,N,1,239,201912
20191002,20191002,73,164120073,094027831,26548,N,5,240,201912
20191002,20191002,73,164120073,094534323,26546,N,2,241,201912
20191002,20191002,73,164120073,094534326,26545,N,2,242,201912
20191002,20191002,73,164120073,095147516,26555,N,5,243,201912
20191002,20191002,73,164120073,095547543,26552,N,1,244,201912
20191002,20191002,73,164120073,095601215,26552,N,1,245,201912
20191002,20191002,73,164120073,095621082,26551,N,5,246,201912
20191002,20191002,73,164120073,101028872,26560,N,4,247,201912
20191002,20191002,73,164120073,101530218,26561,N,1,248,201912
20191002,20191002,73,164120073,102006101,26535,N,1,249,201912
20191002,20191002,73,164120073,110752504,26538,N,1,250,201912
20191002,20191002,73,164120073,113400382,26554,N,3,251,201912
20191002,20191002,73,164120073,113404326,26554,N,2,252,201912
20191002,20191002,73,164120073,113410068,26553,N,1,253,201912
20191002,20191002,73,164120073,122018147,26555,N,1,254,201912
20191002,20191002,73,164120073,124527698,26558,N,10,255,201912
20191002,20191002,73,164120073,125001289,26566,N,1,256,201912
20191002,20191002,73,164120073,130015810,26565,N,1,257,201912
20191002,20191002,73,164120073,130457955,26563,N,1,258,201912
20191002,20191002,73,164120073,130508655,26562,N,1,259,201912
20191002,20191002,73,164120073,130524382,26562,N,9,260,201912
20191002,20191002,73,164120073,131302401,26562,N,2,261,201912
20191002,20191002,73,164120073,132119769,26554,N,1,262,201912
20191002,20191002,73,164120073,133324621,26554,N,5,263,201912
20191002,20191002,73,164120073,134154761,26553,N,1,264,201912
20191002,20191002,73,164120073,134641162,26548,N,10,265,201912
20191002,20191002,73,164120073,134750371,26547,N,10,266,201912
20191002,20191002,73,164120073,135201132,26550,N,1,267,201912
20191002,20191002,73,164120073,135201132,26545,N,9,268,201912
20191002,20191002,73,164120073,143332884,26551,N,1,269,201912
20191002,20191002,73,164120073,143416858,26552,N,1,270,201912
20191002,20191002,73,164120073,144017555,26550,N,2,271,201912
20191002,20191002,73,164120073,144404612,26553,N,1,272,201912
20191002,20191002,73,164120073,145350127,26548,N,2,273,201912
20191002,20191002,73,164120073,150539900,26547,N,2,274,201912
20191002,20191002,73,164120073,150558613,26545,N,1,275,201912
20191002,20191002,73,164120073,150825923,26545,N,1,276,201912
20191002,20191002,73,164120073,150829695,26545,E,1,277,201912
20191002,20191001,73,165030073,020835006,26500,O,1,278,202003
20191002,20191001,73,165090073,235902185,26600,O,1,279,202009
20191003,20191002,73,164120073,163001046,26437,O,12,1,201912
20191003,20191002,73,164120073,163047576,26421,N,10,2,201912
20191003,20191002,73,164120073,163201607,26420,N,2,3,201912
20191003,20191002,73,164120073,163702987,26425,N,22,4,201912
20191003,20191002,73,164120073,163706805,26425,N,8,5,201912
20191003,20191002,73,164120073,163817085,26423,N,5,6,201912
20191003,20191002,73,164120073,163827183,26420,N,1,7,201912
20191003,20191002,73,164120073,163903747,26403,N,2,8,201912
20191003,20191002,73,164120073,163913300,26407,N,2,9,201912
20191003,20191002,73,164120073,164100406,26410,N,1,10,201912
20191003,20191002,73,164120073,164153525,26420,N,20,11,201912
20191003,20191002,73,164120073,164156701,26405,N,10,12,201912
20191003,20191002,73,164120073,164156701,26404,N,20,13,201912
20191003,20191002,73,164120073,164156701,26403,N,10,14,201912
20191003,20191002,73,164120073,165154231,26415,N,1,15,201912
20191003,20191002,73,164120073,165407386,26410,N,10,16,201912
20191003,20191002,73,164120073,170130888,26400,N,2,17,201912
20191003,20191002,73,164120073,170312348,26402,N,20,18,201912
20191003,20191002,73,164120073,170859728,26400,N,2,19,201912
20191003,20191002,73,164120073,171219162,26410,N,5,20,201912
20191003,20191002,73,164120073,171223150,26416,N,10,21,201912
20191003,20191002,73,164120073,171424697,26420,N,5,22,201912
20191003,20191002,73,164120073,172259828,26425,N,5,23,201912
20191003,20191002,73,164120073,173032061,26413,N,1,24,201912
20191003,20191002,73,164120073,173528838,26397,N,1,25,201912
20191003,20191002,73,164120073,174349915,26385,N,20,26,201912
20191003,20191002,73,164120073,174402387,26380,N,1,27,201912
20191003,20191002,73,164120073,174702031,26367,N,2,28,201912
20191003,20191002,73,164120073,174703719,26362,N,1,29,201912
20191003,20191002,73,164120073,174746120,26367,N,2,30,201912
20191003,20191002,73,164120073,174830608,26362,N,5,31,201912
20191003,20191002,73,164120073,174938752,26360,N,1,32,201912
20191003,20191002,73,164120073,175141831,26356,N,1,33,201912
20191003,20191002,73,164120073,175628458,26374,N,10,34,201912
20191003,20191002,73,164120073,180535272,26374,N,1,35,201912
20191003,20191002,73,164120073,181453635,26379,N,2,36,201912
20191003,20191002,73,164120073,181514170,26380,N,2,37,201912
20191003,20191002,73,164120073,181548069,26374,N,2,38,201912
20191003,20191002,73,164120073,182428835,26350,N,11,39,201912
20191003,20191002,73,164120073,182432274,26350,N,10,40,201912
20191003,20191002,73,164120073,182432520,26350,N,9,41,201912
20191003,20191002,73,164120073,182648537,26345,N,1,42,201912
20191003,20191002,73,164120073,182653738,26342,N,11,43,201912
20191003,20191002,73,164120073,182653940,26342,N,10,44,201912
20191003,20191002,73,164120073,182700323,26342,N,29,45,201912
20191003,20191002,73,164120073,182700326,26340,N,2,46,201912
20191003,20191002,73,164120073,182931214,26340,N,10,47,201912
20191003,20191002,73,164120073,183140312,26320,N,1,48,201912
20191003,20191002,73,164120073,183636114,26322,N,2,49,201912
20191003,20191002,73,164120073,183737051,26322,N,2,50,201912
20191003,20191002,73,164120073,183951428,26320,N,1,51,201912
20191003,20191002,73,164120073,184418484,26314,N,1,52,201912
20191003,20191002,73,164120073,184445313,26310,N,1,53,201912
20191003,20191002,73,164120073,185010436,26327,N,1,54,201912
20191003,20191002,73,164120073,185319004,26345,N,1,55,201912
20191003,20191002,73,164120073,185328816,26328,N,1,56,201912
20191003,20191002,73,164120073,185829111,26328,N,1,57,201912
20191003,20191002,73,164120073,190335458,26340,N,1,58,201912
20191003,20191002,73,164120073,191417680,26321,N,12,59,201912
20191003,20191002,73,164120073,191558339,26346,N,10,60,201912
20191003,20191002,73,164120073,191704947,26316,N,1,61,201912
20191003,20191002,73,164120073,191727806,26327,N,1,62,201912
20191003,20191002,73,164120073,193455921,26350,N,2,63,201912
20191003,20191002,73,164120073,193457415,26350,N,2,64,201912
20191003,20191002,73,164120073,193458839,26349,N,2,65,201912
20191003,20191002,73,164120073,193759561,26342,N,1,66,201912
20191003,20191002,73,164120073,193801395,26343,N,1,67,201912
20191003,20191002,73,164120073,194158647,26332,N,1,68,201912
20191003,20191002,73,164120073,195302168,26336,N,7,69,201912
20191003,20191002,73,164120073,195407622,26345,N,1,70,201912
20191003,20191002,73,164120073,195520555,26348,N,1,71,201912
20191003,20191002,73,164120073,195635739,26347,N,1,72,201912
20191003,20191002,73,164120073,195645178,26346,N,1,73,201912
20191003,20191002,73,164120073,195724438,26333,N,1,74,201912
20191003,20191002,73,164120073,203840226,26369,N,1,75,201912
20191003,20191002,73,164120073,203955109,26370,N,1,76,201912
20191003,20191002,73,164120073,204429117,26364,N,1,77,201912
20191003,20191002,73,164120073,204503125,26382,N,1,78,201912
20191003,20191002,73,164120073,204510430,26345,N,1,79,201912
20191003,20191002,73,164120073,204624774,26365,N,1,80,201912
20191003,20191002,73,164120073,204640424,26358,N,1,81,201912
20191003,20191002,73,164120073,205248953,26377,N,2,82,201912
20191003,20191002,73,164120073,205406741,26382,N,2,83,201912
20191003,20191002,73,164120073,205420536,26375,N,2,84,201912
20191003,20191002,73,164120073,205816752,26370,N,1,85,201912
20191003,20191002,73,164120073,205827869,26370,N,1,86,201912
20191003,20191002,73,164120073,211814782,26376,N,3,87,201912
20191003,20191002,73,164120073,212619479,26380,N,1,88,201912
20191003,20191002,73,164120073,213046149,26400,N,20,89,201912
20191003,20191002,73,164120073,213107221,26400,N,1,90,201912
20191003,20191002,73,164120073,213111137,26395,N,1,91,201912
20191003,20191002,73,164120073,213300583,26391,N,1,92,201912
20191003,20191002,73,164120073,213512752,26385,N,1,93,201912
20191003,20191002,73,164120073,214052133,26369,N,3,94,201912
20191003,20191002,73,164120073,215257857,26358,N,1,95,201912
20191003,20191002,73,164120073,215751282,26341,N,1,96,201912
20191003,20191002,73,164120073,215817968,26335,N,6,97,201912
20191003,20191002,73,164120073,215838989,26333,N,5,98,201912
20191003,20191002,73,164120073,215839820,26327,N,1,99,201912
20191003,20191002,73,164120073,215927662,26331,N,2,100,201912
20191003,20191002,73,164120073,220023995,26337,N,1,101,201912
20191003,20191002,73,164120073,220055684,26343,N,1,102,201912
20191003,20191002,73,164120073,220221505,26339,N,10,103,201912
20191003,20191002,73,164120073,220232530,26343,N,5,104,201912
20191003,20191002,73,164120073,221601120,26323,N,3,105,201912
20191003,20191002,73,164120073,222426960,26336,N,1,106,201912
20191003,20191002,73,164120073,222510243,26341,N,1,107,201912
20191003,20191002,73,164120073,222645697,26350,N,5,108,201912
20191003,20191002,73,164120073,222658824,26351,N,5,109,201912
20191003,20191002,73,164120073,222720101,26347,N,1,110,201912
20191003,20191002,73,164120073,222939845,26351,N,4,111,201912
20191003,20191002,73,164120073,223352104,26315,N,1,112,201912
20191003,20191002,73,164120073,223403120,26300,N,2,113,201912
20191003,20191002,73,164120073,223416378,26299,N,2,114,201912
20191003,20191002,73,164120073,223429141,26302,N,2,115,201912
20191003,20191002,73,164120073,223452568,26290,N,10,116,201912
20191003,20191002,73,164120073,223452569,26288,N,10,117,201912
20191003,20191002,73,164120073,223457286,26280,N,1,118,201912
20191003,20191002,73,164120073,223531104,26260,N,1,119,201912
20191003,20191002,73,164120073,223602323,26265,N,2,120,201912
20191003,20191002,73,164120073,223607568,26278,N,1,121,201912
20191003,20191002,73,164120073,223614014,26263,N,1,122,201912
20191003,20191002,73,164120073,223618480,26275,N,2,123,201912
20191003,20191002,73,164120073,223630647,26260,N,1,124,201912
20191003,20191002,73,164120073,223643563,26268,N,1,125,201912
20191003,20191002,73,164120073,223652719,26271,N,1,126,201912
20191003,20191002,73,164120073,223700948,26260,N,1,127,201912
20191003,20191002,73,164120073,223831575,26255,N,1,128,201912
20191003,20191002,73,164120073,223832034,26250,N,2,129,201912
20191003,20191002,73,164120073,223904649,26232,N,1,130,201912
20191003,20191002,73,164120073,223928633,26227,N,1,131,201912
20191003,20191002,73,164120073,223933357,26227,N,1,132,201912
20191003,20191002,73,164120073,223941556,26227,N,3,133,201912
20191003,20191002,73,164120073,224006751,26231,N,2,134,201912
20191003,20191002,73,164120073,224054055,26234,N,1,135,201912
20191003,20191002,73,164120073,224125976,26227,N,1,136,201912
20191003,20191002,73,164120073,224137377,26221,N,1,137,201912
20191003,20191002,73,164120073,224210118,26220,N,2,138,201912
20191003,20191002,73,164120073,224242700,26211,N,1,139,201912
20191003,20191002,73,164120073,224437738,26229,N,6,140,201912
20191003,20191002,73,164120073,224451140,26229,N,1,141,201912
20191003,20191002,73,164120073,224551059,26215,N,1,142,201912
20191003,20191002,73,164120073,224720115,26217,N,1,143,201912
20191003,20191002,73,164120073,224803611,26235,N,1,144,201912
20191003,20191002,73,164120073,224813273,26240,N,1,145,201912
20191003,20191002,73,164120073,224841226,26267,N,9,146,201912
20191003,20191002,73,164120073,224913532,26245,N,1,147,201912
20191003,20191002,73,164120073,225017338,26222,N,1,148,201912
20191003,20191002,73,164120073,225135834,26219,N,2,149,201912
20191003,20191002,73,164120073,225156955,26210,N,1,150,201912
20191003,20191002,73,164120073,225253709,26205,N,5,151,201912
20191003,20191002,73,164120073,225259215,26200,N,2,152,201912
20191003,20191002,73,164120073,225259829,26193,N,1,153,201912
20191003,20191002,73,164120073,225305145,26187,N,2,154,201912
20191003,20191002,73,164120073,225320540,26183,N,2,155,201912
20191003,20191002,73,164120073,225320882,26197,N,10,156,201912
20191003,20191002,73,164120073,225323932,26191,N,1,157,201912
20191003,20191002,73,164120073,225348513,26189,N,1,158,201912
20191003,20191002,73,164120073,225432962,26213,N,1,159,201912
20191003,20191002,73,164120073,225530606,26196,N,1,160,201912
20191003,20191002,73,164120073,225550903,26191,N,1,161,201912
20191003,20191002,73,164120073,225559896,26186,N,1,162,201912
20191003,20191002,73,164120073,225622288,26179,N,3,163,201912
20191003,20191002,73,164120073,225628298,26175,N,3,164,201912
20191003,20191002,73,164120073,225659320,26185,N,10,165,201912
20191003,20191002,73,164120073,225729015,26182,N,1,166,201912
20191003,20191002,73,164120073,225736290,26186,N,1,167,201912
20191003,20191002,73,164120073,225748193,26183,N,1,168,201912
20191003,20191002,73,164120073,225823855,26183,N,2,169,201912
20191003,20191002,73,164120073,225843658,26183,N,1,170,201912
20191003,20191002,73,164120073,225959079,26203,N,1,171,201912
20191003,20191002,73,164120073,230013329,26194,N,1,172,201912
20191003,20191002,73,164120073,230042997,26181,N,1,173,201912
20191003,20191002,73,164120073,230049521,26176,N,1,174,201912
20191003,20191002,73,164120073,230100348,26173,N,1,175,201912
20191003,20191002,73,164120073,230106896,26173,N,20,176,201912
20191003,20191002,73,164120073,230130154,26170,N,1,177,201912
20191003,20191002,73,164120073,230145761,26166,N,1,178,201912
20191003,20191002,73,164120073,230152792,26160,N,5,179,201912
20191003,20191002,73,164120073,230152819,26153,N,26,180,201912
20191003,20191002,73,164120073,230157869,26153,N,22,181,201912
20191003,20191002,73,164120073,230218203,26167,N,2,182,201912
20191003,20191002,73,164120073,230312019,26167,N,1,183,201912
20191003,20191002,73,164120073,230413311,26164,N,1,184,201912
20191003,20191002,73,164120073,230422731,26164,N,1,185,201912
20191003,20191002,73,164120073,230434840,26167,N,2,186,201912
20191003,20191002,73,164120073,230539942,26203,N,6,187,201912
20191003,20191002,73,164120073,230701997,26217,N,1,188,201912
20191003,20191002,73,164120073,230704803,26211,N,1,189,201912
20191003,20191002,73,164120073,230718765,26218,N,1,190,201912
20191003,20191002,73,164120073,230733502,26207,N,1,191,201912
20191003,20191002,73,164120073,230822291,26220,N,1,192,201912
20191003,20191002,73,164120073,230850057,26237,N,1,193,201912
20191003,20191002,73,164120073,230925953,26210,N,1,194,201912
20191003,20191002,73,164120073,230927715,26224,N,1,195,201912
20191003,20191002,73,164120073,230930634,26210,N,1,196,201912
20191003,20191002,73,164120073,230939143,26228,N,1,197,201912
20191003,20191002,73,164120073,230943781,26209,N,1,198,201912
20191003,20191002,73,164120073,230948932,26210,N,1,199,201912
20191003,20191002,73,164120073,230951106,26227,N,1,200,201912
20191003,20191002,73,164120073,231004246,26205,N,1,201,201912
20191003,20191002,73,164120073,231011184,26200,N,1,202,201912
20191003,20191002,73,164120073,231017619,26220,N,1,203,201912
20191003,20191002,73,164120073,231024221,26220,N,1,204,201912
20191003,20191002,73,164120073,231050626,26205,N,1,205,201912
20191003,20191002,73,164120073,231054119,26202,N,1,206,201912
20191003,20191002,73,164120073,231056034,26216,N,1,207,201912
20191003,20191002,73,164120073,231102926,26201,N,1,208,201912
20191003,20191002,73,164120073,231106874,26203,N,1,209,201912
20191003,20191002,73,164120073,231111075,26216,N,2,210,201912
20191003,20191002,73,164120073,232015660,26200,N,5,211,201912
20191003,20191002,73,164120073,232015788,26200,N,5,212,201912
20191003,20191002,73,164120073,232016313,26200,N,10,213,201912
20191003,20191002,73,164120073,232112177,26216,N,10,214,201912
20191003,20191002,73,164120073,232538306,26175,N,2,215,201912
20191003,20191002,73,164120073,232547119,26168,N,2,216,201912
20191003,20191002,73,164120073,232647074,26166,N,1,217,201912
20191003,20191002,73,164120073,232705158,26170,N,3,218,201912
20191003,20191002,73,164120073,232905397,26161,N,1,219,201912
20191003,20191002,73,164120073,232907110,26160,N,2,220,201912
20191003,20191002,73,164120073,233001332,26158,N,1,221,201912
20191003,20191002,73,164120073,233003956,26155,N,1,222,201912
20191003,20191002,73,164120073,233009860,26155,N,1,223,201912
20191003,20191002,73,164120073,233010235,26153,N,2,224,201912
20191003,20191002,73,164120073,233018113,26140,N,1,225,201912
20191003,20191002,73,164120073,233048644,26125,N,1,226,201912
20191003,20191002,73,164120073,233051895,26130,N,1,227,201912
20191003,20191002,73,164120073,233054364,26127,N,2,228,201912
20191003,20191002,73,164120073,233100666,26125,N,1,229,201912
20191003,20191002,73,164120073,233101619,26123,N,1,230,201912
20191003,20191002,73,164120073,233102252,26121,N,5,231,201912
20191003,20191002,73,164120073,233102381,26120,N,2,232,201912
20191003,20191002,73,164120073,233115698,26120,N,1,233,201912
20191003,20191002,73,164120073,233124352,26115,N,1,234,201912
20191003,20191002,73,164120073,233135760,26110,N,1,235,201912
20191003,20191002,73,164120073,233140396,26105,N,1,236,201912
20191003,20191002,73,164120073,233140461,26105,N,20,237,201912
20191003,20191002,73,164120073,233155103,26102,N,1,238,201912
20191003,20191002,73,164120073,233159157,26100,N,5,239,201912
20191003,20191002,73,164120073,233159303,26100,N,5,240,201912
20191003,20191002,73,164120073,233159427,26100,N,2,241,201912
20191003,20191002,73,164120073,233201349,26100,N,1,242,201912
20191003,20191002,73,164120073,233212379,26100,N,1,243,201912
20191003,20191002,73,164120073,233242352,26100,N,1,244,201912
20191003,20191002,73,164120073,233312532,26100,N,1,245,201912
20191003,20191002,73,164120073,233322656,26093,N,1,246,201912
20191003,20191002,73,164120073,233336173,26088,N,1,247,201912
20191003,20191002,73,164120073,233341739,26086,N,1,248,201912
20191003,20191002,73,164120073,233417233,26084,N,1,249,201912
20191003,20191002,73,164120073,233505746,26100,N,3,250,201912
20191003,20191002,73,164120073,233547585,26112,N,2,251,201912
20191003,20191002,73,164120073,233549459,26111,N,2,252,201912
20191003,20191002,73,164120073,233551195,26095,N,5,253,201912
20191003,20191002,73,164120073,233551320,26095,N,10,254,201912
20191003,20191002,73,164120073,233551327,26093,N,1,255,201912
20191003,20191002,73,164120073,233555986,26102,N,6,256,201912
20191003,20191002,73,164120073,233605445,26085,N,1,257,201912
20191003,20191002,73,164120073,233620182,26086,N,1,258,201912
20191003,20191002,73,164120073,233653503,26092,N,5,259,201912
20191003,20191002,73,164120073,233700499,26085,N,1,260,201912
20191003,20191002,73,164120073,233710109,26088,N,1,261,201912
20191003,20191002,73,164120073,233715207,26081,N,1,262,201912
20191003,20191002,73,164120073,233715907,26080,N,1,263,201912
20191003,20191002,73,164120073,233716812,26101,N,1,264,201912
20191003,20191002,73,164120073,233720937,26077,N,11,265,201912
20191003,20191002,73,164120073,233726076,26077,N,11,266,201912
20191003,20191002,73,164120073,233726201,26077,N,16,267,201912
20191003,20191002,73,164120073,233726326,26077,N,5,268,201912
20191003,20191002,73,164120073,233726449,26077,N,7,269,201912
20191003,20191002,73,164120073,233740983,26071,N,1,270,201912
20191003,20191002,73,164120073,233807121,26083,N,2,271,201912
20191003,20191002,73,164120073,233818055,26080,N,3,272,201912
20191003,20191002,73,164120073,233830679,26097,N,1,273,201912
20191003,20191002,73,164120073,233927912,26070,N,1,274,201912
20191003,20191002,73,164120073,233929883,26070,N,2,275,201912
20191003,20191002,73,164120073,233955574,26070,N,1,276,201912
20191003,20191002,73,164120073,234005909,26060,N,1,277,201912
20191003,20191002,73,164120073,234025551,26060,N,1,278,201912
20191003,20191002,73,164120073,234035796,26058,N,11,279,201912
20191003,20191002,73,164120073,234035796,26056,N,10,280,201912
20191003,20191002,73,164120073,234042409,26067,N,10,281,201912
20191003,20191002,73,164120073,234048527,26061,N,11,282,201912
20191003,20191002,73,164120073,234048527,26060,N,10,283,201912
20191003,20191002,73,164120073,234123585,26053,N,1,284,201912
20191003,20191002,73,164120073,234123682,26052,N,4,285,201912
20191003,20191002,73,164120073,234128216,26050,N,5,286,201912
20191003,20191002,73,164120073,234128598,26045,N,1,287,201912
20191003,20191002,73,164120073,234128598,26044,N,36,288,201912
20191003,20191002,73,164120073,234128722,26044,N,14,289,201912
20191003,20191002,73,164120073,234130577,26046,N,2,290,201912
20191003,20191002,73,164120073,234133325,26038,N,10,291,201912
20191003,20191002,73,164120073,234136122,26030,N,5,292,201912
20191003,20191002,73,164120073,234136246,26029,N,10,293,201912
20191003,20191002,73,164120073,234151633,26040,N,13,294,201912
20191003,20191002,73,164120073,234201976,26051,N,1,295,201912
20191003,20191002,73,164120073,234215304,26043,N,2,296,201912
20191003,20191002,73,164120073,234229513,26041,N,1,297,201912
20191003,20191002,73,164120073,234253362,26055,N,2,298,201912
20191003,20191002,73,164120073,234254554,26060,N,3,299,201912
20191003,20191002,73,164120073,234254554,26062,N,8,300,201912
20191003,20191002,73,164120073,234532559,26056,N,1,301,201912
20191003,20191002,73,164120073,234619537,26044,N,2,302,201912
20191003,20191002,73,164120073,234627765,26041,N,1,303,201912
20191003,20191002,73,164120073,234632644,26046,N,1,304,201912
20191003,20191002,73,164120073,234704881,26047,N,1,305,201912
20191003,20191002,73,164120073,234940974,26030,N,1,306,201912
20191003,20191002,73,164120073,234941102,26029,N,2,307,201912
20191003,20191002,73,164120073,235002532,26029,N,2,308,201912
20191003,20191002,73,164120073,235018334,26030,N,3,309,201912
20191003,20191002,73,164120073,235052605,26036,N,1,310,201912
20191003,20191002,73,164120073,235111201,26050,N,10,311,201912
20191003,20191002,73,164120073,235111633,26050,N,10,312,201912
20191003,20191002,73,164120073,235258557,26044,N,1,313,201912
20191003,20191002,73,164120073,235321272,26035,N,1,314,201912
20191003,20191002,73,164120073,235446613,26071,N,10,315,201912
20191003,20191002,73,164120073,235446616,26072,N,10,316,201912
20191003,20191002,73,164120073,235509332,26067,N,1,317,201912
20191003,20191002,73,164120073,235518094,26067,N,1,318,201912
20191003,20191002,73,164120073,235559478,26076,N,2,319,201912
20191003,20191002,73,164120073,235615733,26087,N,1,320,201912
20191003,20191002,73,164120073,235627219,26095,N,1,321,201912
20191003,20191002,73,164120073,235648136,26077,N,3,322,201912
20191003,20191002,73,164120073,235719230,26073,N,1,323,201912
20191003,20191002,73,164120073,235826823,26090,N,1,324,201912
20191003,20191002,73,164120073,000001725,26056,N,3,325,201912
20191003,20191002,73,164120073,000112537,26066,N,1,326,201912
20191003,20191002,73,164120073,000152283,26067,N,1,327,201912
20191003,20191002,73,164120073,000242109,26092,N,3,328,201912
20191003,20191002,73,164120073,000253430,26087,N,3,329,201912
20191003,20191002,73,164120073,000345718,26090,N,1,330,201912
20191003,20191002,73,164120073,001042269,26077,N,1,331,201912
20191003,20191002,73,164120073,001311899,26065,N,1,332,201912
20191003,20191002,73,164120073,001355215,26061,N,1,333,201912
20191003,20191002,73,164120073,001453418,26061,N,1,334,201912
20191003,20191002,73,164120073,001509591,26055,N,1,335,201912
20191003,20191002,73,164120073,001852891,26044,N,1,336,201912
20191003,20191002,73,164120073,002122046,26058,N,1,337,201912
20191003,20191002,73,164120073,002205529,26058,N,1,338,201912
20191003,20191002,73,164120073,002228401,26059,N,10,339,201912
20191003,20191002,73,164120073,002305940,26066,N,20,340,201912
20191003,20191002,73,164120073,002311868,26068,N,3,341,201912
20191003,20191002,73,164120073,002338782,26068,N,1,342,201912
20191003,20191002,73,164120073,002607033,26054,N,2,343,201912
20191003,20191002,73,164120073,002659158,26050,N,1,344,201912
20191003,20191002,73,164120073,002704756,26045,N,1,345,201912
20191003,20191002,73,164120073,002743317,26045,N,1,346,201912
20191003,20191002,73,164120073,003049526,26027,N,4,347,201912
20191003,20191002,73,164120073,003101339,26016,N,33,348,201912
20191003,20191002,73,164120073,003101341,26016,N,17,349,201912
20191003,20191002,73,164120073,003101454,26014,N,1,350,201912
20191003,20191002,73,164120073,003101454,26012,N,2,351,201912
20191003,20191002,73,164120073,003101500,26005,N,8,352,201912
20191003,20191002,73,164120073,003101874,26000,N,5,353,201912
20191003,20191002,73,164120073,003102050,26000,N,3,354,201912
20191003,20191002,73,164120073,003102114,25999,N,10,355,201912
20191003,20191002,73,164120073,003102332,25985,N,1,356,201912
20191003,20191002,73,164120073,003110485,26006,N,5,357,201912
20191003,20191002,73,164120073,003110611,26006,N,5,358,201912
20191003,20191002,73,164120073,003116316,26001,N,3,359,201912
20191003,20191002,73,164120073,003132804,26012,N,1,360,201912
20191003,20191002,73,164120073,003138544,25997,N,1,361,201912
20191003,20191002,73,164120073,003207375,25997,N,1,362,201912
20191003,20191002,73,164120073,003251127,26005,N,1,363,201912
20191003,20191002,73,164120073,003307106,26001,N,1,364,201912
20191003,20191002,73,164120073,003310089,26003,N,1,365,201912
20191003,20191002,73,164120073,003332391,26003,N,1,366,201912
20191003,20191002,73,164120073,003344446,26003,N,4,367,201912
20191003,20191002,73,164120073,003426659,25996,N,1,368,201912
20191003,20191002,73,164120073,003533658,25976,N,2,369,201912
20191003,20191002,73,164120073,003743295,25984,N,1,370,201912
20191003,20191002,73,164120073,003751243,25987,N,2,371,201912
20191003,20191002,73,164120073,003910829,26012,N,5,372,201912
20191003,20191002,73,164120073,003922889,26012,N,1,373,201912
20191003,20191002,73,164120073,004130623,26026,N,1,374,201912
20191003,20191002,73,164120073,004140532,26024,N,4,375,201912
20191003,20191002,73,164120073,004331356,26030,N,4,376,201912
20191003,20191002,73,164120073,004343707,26024,N,1,377,201912
20191003,20191002,73,164120073,004601806,26037,N,1,378,201912
20191003,20191002,73,164120073,005051228,26026,N,1,379,201912
20191003,20191002,73,164120073,005249266,26013,N,1,380,201912
20191003,20191002,73,164120073,005457846,26028,N,10,381,201912
20191003,20191002,73,164120073,005550000,26029,N,1,382,201912
20191003,20191002,73,164120073,005614085,26020,N,8,383,201912
20191003,20191002,73,164120073,005712085,26017,N,1,384,201912
20191003,20191002,73,164120073,005722760,26020,N,1,385,201912
20191003,20191002,73,164120073,010111477,26008,N,1,386,201912
20191003,20191002,73,164120073,010122910,26003,N,4,387,201912
20191003,20191002,73,164120073,010201099,26000,N,2,388,201912
20191003,20191002,73,164120073,010305710,26009,N,4,389,201912
20191003,20191002,73,164120073,011145494,26000,N,1,390,201912
20191003,20191002,73,164120073,011146036,26001,N,1,391,201912
20191003,20191002,73,164120073,011151685,26004,N,1,392,201912
20191003,20191002,73,164120073,011155236,25991,N,1,393,201912
20191003,20191002,73,164120073,011221600,26018,N,1,394,201912
20191003,20191002,73,164120073,011256183,26000,N,1,395,201912
20191003,20191002,73,164120073,011725223,25970,N,1,396,201912
20191003,20191002,73,164120073,013525579,25977,N,5,397,201912
20191003,20191002,73,164120073,013528068,25970,N,11,398,201912
20191003,20191002,73,164120073,013528195,25970,N,2,399,201912
20191003,20191002,73,164120073,013528195,25969,N,3,400,201912
20191003,20191002,73,164120073,013929879,25960,N,10,401,201912
20191003,20191002,73,164120073,014250670,25952,N,5,402,201912
20191003,20191002,73,164120073,014252629,25950,N,5,403,201912
20191003,20191002,73,164120073,014253078,25950,N,5,404,201912
20191003,20191002,73,164120073,014253480,25950,N,5,405,201912
20191003,20191002,73,164120073,014253605,25950,N,6,406,201912
20191003,20191002,73,164120073,014456264,25958,N,10,407,201912
20191003,20191002,73,164120073,014624651,25940,N,1,408,201912
20191003,20191002,73,164120073,014626132,25936,N,1,409,201912
20191003,20191002,73,164120073,014817341,25937,N,1,410,201912
20191003,20191002,73,164120073,014823592,25939,N,1,411,201912
20191003,20191002,73,164120073,014829047,25943,N,1,412,201912
20191003,20191002,73,164120073,014908555,25938,N,1,413,201912
20191003,20191002,73,164120073,015311865,25931,N,4,414,201912
20191003,20191002,73,164120073,015502037,25917,N,1,415,201912
20191003,20191002,73,164120073,015510743,25914,N,1,416,201912
20191003,20191002,73,164120073,015623456,25930,N,2,417,201912
20191003,20191002,73,164120073,020035178,25923,N,1,418,201912
20191003,20191002,73,164120073,020041011,25923,N,1,419,201912
20191003,20191002,73,164120073,020255505,25950,N,1,420,201912
20191003,20191002,73,164120073,020553524,25966,N,1,421,201912
20191003,20191002,73,164120073,020605168,25961,N,2,422,201912
20191003,20191002,73,164120073,020755314,25962,N,5,423,201912
20191003,20191002,73,164120073,020811905,25982,N,3,424,201912
20191003,20191002,73,164120073,020811907,25982,N,5,425,201912
20191003,20191002,73,164120073,021132273,25992,N,10,426,201912
20191003,20191002,73,164120073,021249680,25977,N,5,427,201912
20191003,20191002,73,164120073,021630534,25977,N,5,428,201912
20191003,20191002,73,164120073,021741845,25977,N,5,429,201912
20191003,20191002,73,164120073,021853412,25981,N,5,430,201912
20191003,20191002,73,164120073,022017950,25977,N,5,431,201912
20191003,20191002,73,164120073,023011916,25994,N,1,432,201912
20191003,20191002,73,164120073,023448881,25965,N,2,433,201912
20191003,20191002,73,164120073,023845408,25965,N,1,434,201912
20191003,20191002,73,164120073,024135397,25963,N,5,435,201912
20191003,20191002,73,164120073,024135522,25963,N,11,436,201912
20191003,20191002,73,164120073,024135647,25963,N,4,437,201912
20191003,20191002,73,164120073,024255463,25969,N,4,438,201912
20191003,20191002,73,164120073,025125913,25947,N,1,439,201912
20191003,20191002,73,164120073,025756885,25969,N,4,440,201912
20191003,20191002,73,164120073,030054142,25957,N,9,441,201912
20191003,20191002,73,164120073,030434691,25999,N,9,442,201912
20191003,20191002,73,164120073,031431633,25985,N,1,443,201912
20191003,20191002,73,164120073,031754164,26015,N,10,444,201912
20191003,20191002,73,164120073,031849071,26024,N,2,445,201912
20191003,20191002,73,164120073,031945528,26018,N,1,446,201912
20191003,20191002,73,164120073,032105182,26020,N,1,447,201912
20191003,20191002,73,164120073,032219253,26020,N,5,448,201912
20191003,20191002,73,164120073,032351508,26026,N,10,449,201912
20191003,20191002,73,164120073,032407409,26030,N,1,450,201912
20191003,20191002,73,164120073,032742152,26009,N,9,451,201912
20191003,20191002,73,164120073,034119460,26019,N,10,452,201912
20191003,20191002,73,164120073,034119460,26020,N,17,453,201912
20191003,20191002,73,164120073,034143240,26013,N,1,454,201912
20191003,20191002,73,164120073,034153034,26015,N,1,455,201912
20191003,20191002,73,164120073,034202219,26016,N,1,456,201912
20191003,20191002,73,164120073,034212676,26012,N,1,457,201912
20191003,20191002,73,164120073,034227020,26019,N,1,458,201912
20191003,20191002,73,164120073,034237273,26021,N,1,459,201912
20191003,20191002,73,164120073,034359019,26037,N,1,460,201912
20191003,20191002,73,164120073,034538596,26040,N,1,461,201912
20191003,20191002,73,164120073,034547886,26039,N,1,462,201912
20191003,20191002,73,164120073,034621220,26050,N,1,463,201912
20191003,20191002,73,164120073,034621226,26055,N,2,464,201912
20191003,20191002,73,164120073,034722699,26060,N,1,465,201912
20191003,20191002,73,164120073,034722701,26062,N,10,466,201912
20191003,20191002,73,164120073,034924641,26065,N,1,467,201912
20191003,20191002,73,164120073,035118570,26060,N,1,468,201912
20191003,20191002,73,164120073,035319910,26051,N,1,469,201912
20191003,20191002,73,164120073,035503614,26037,N,1,470,201912
20191003,20191002,73,164120073,035535102,26047,N,1,471,201912
20191003,20191002,73,164120073,035933010,26050,N,1,472,201912
20191003,20191002,73,164120073,040000616,26055,N,1,473,201912
20191003,20191002,73,164120073,040016899,26060,N,1,474,201912
20191003,20191002,73,164120073,040145556,26050,N,2,475,201912
20191003,20191002,73,164120073,040341344,26037,N,10,476,201912
20191003,20191002,73,164120073,040341465,26036,N,5,477,201912
20191003,20191002,73,164120073,040535927,26024,N,5,478,201912
20191003,20191002,73,164120073,040636947,26035,N,1,479,201912
20191003,20191002,73,164120073,041021401,26040,N,1,480,201912
20191003,20191002,73,164120073,041038300,26045,N,2,481,201912
20191003,20191002,73,164120073,041039139,26050,N,1,482,201912
20191003,20191002,73,164120073,041137982,26049,N,1,483,201912
20191003,20191002,73,164120073,041221358,26051,N,1,484,201912
20191003,20191002,73,164120073,041226228,26055,N,1,485,201912
20191003,20191002,73,164120073,041227511,26060,N,2,486,201912
20191003,20191002,73,164120073,041248121,26075,N,1,487,201912
20191003,20191002,73,164120073,041511037,26070,N,1,488,201912
20191003,20191002,73,164120073,041845964,26080,N,1,489,201912
20191003,20191002,73,164120073,042150776,26090,N,1,490,201912
20191003,20191002,73,164120073,042430824,26073,N,10,491,201912
20191003,20191002,73,164120073,044048907,26058,N,1,492,201912
20191003,20191002,73,164120073,045044617,25999,N,1,493,201912
20191003,20191002,73,164120073,045406698,26020,N,1,494,201912
20191003,20191002,73,164120073,045423245,26022,N,1,495,201912
20191003,20191002,73,164120073,045512414,26012,N,1,496,201912
20191003,20191002,73,164120073,050519253,25980,N,2,497,201912
20191003,20191002,73,164120073,050519257,25963,N,10,498,201912
20191003,20191002,73,164120073,050519257,25948,N,2,499,201912
20191003,20191002,73,164120073,050920847,25963,N,5,500,201912
20191003,20191002,73,164120073,051136517,25964,E,1,501,201912
20191003,20191003,73,164120073,084501051,26043,O,3,502,201912
20191003,20191003,73,164120073,085216600,26035,N,10,503,201912
20191003,20191003,73,164120073,085216724,26035,N,10,504,201912
20191003,20191003,73,164120073,085258146,26022,N,1,505,201912
20191003,20191003,73,164120073,085423983,26020,N,1,506,201912
20191003,20191003,73,164120073,085430567,26029,N,1,507,201912
20191003,20191003,73,164120073,085811702,26006,N,1,508,201912
20191003,20191003,73,164120073,085858399,26016,N,10,509,201912
20191003,20191003,73,164120073,090119630,26003,N,1,510,201912
20191003,20191003,73,164120073,090218868,26000,N,1,511,201912
20191003,20191003,73,164120073,090423570,26016,N,1,512,201912
20191003,20191003,73,164120073,091050783,26023,N,1,513,201912
20191003,20191003,73,164120073,091108422,26026,N,2,514,201912
20191003,20191003,73,164120073,091128637,26026,N,4,515,201912
20191003,20191003,73,164120073,091242244,26027,N,1,516,201912
20191003,20191003,73,164120073,091452672,26027,N,1,517,201912
20191003,20191003,73,164120073,092008112,26015,N,1,518,201912
20191003,20191003,73,164120073,092041425,26017,N,4,519,201912
20191003,20191003,73,164120073,093338558,26007,N,2,520,201912
20191003,20191003,73,164120073,093354713,26003,N,1,521,201912
20191003,20191003,73,164120073,093412621,26003,N,5,522,201912
20191003,20191003,73,164120073,093618713,26000,N,5,523,201912
20191003,20191003,73,164120073,093618716,26000,N,6,524,201912
20191003,20191003,73,164120073,093618716,25998,N,10,525,201912
20191003,20191003,73,164120073,093618716,25996,N,9,526,201912
20191003,20191003,73,164120073,094101817,25982,N,10,527,201912
20191003,20191003,73,164120073,095428933,25979,N,1,528,201912
20191003,20191003,73,164120073,095610749,25975,N,11,529,201912
20191003,20191003,73,164120073,095610749,25973,N,1,530,201912
20191003,20191003,73,164120073,095916789,26001,N,1,531,201912
20191003,20191003,73,164120073,095930796,25999,N,1,532,201912
20191003,20191003,73,164120073,095958945,25997,N,1,533,201912
20191003,20191003,73,164120073,100015785,26000,N,1,534,201912
20191003,20191003,73,164120073,100047798,25999,N,1,535,201912
20191003,20191003,73,164120073,100127814,26006,N,5,536,201912
20191003,20191003,73,164120073,100206820,26009,N,8,537,201912
20191003,20191003,73,164120073,100230815,26012,N,11,538,201912
20191003,20191003,73,164120073,100246820,26012,N,10,539,201912
20191003,20191003,73,164120073,100339801,26016,N,11,540,201912
20191003,20191003,73,164120073,100405595,26012,N,5,541,201912
20191003,20191003,73,164120073,100424011,26012,N,10,542,201912
20191003,20191003,73,164120073,100439802,26012,N,3,543,201912
20191003,20191003,73,164120073,100614035,26006,N,2,544,201912
20191003,20191003,73,164120073,100749811,26019,N,3,545,201912
20191003,20191003,73,164120073,100821824,26016,N,2,546,201912
20191003,20191003,73,164120073,100837811,26015,N,11,547,201912
20191003,20191003,73,164120073,100911808,26016,N,5,548,201912
20191003,20191003,73,164120073,100943942,26016,N,1,549,201912
20191003,20191003,73,164120073,101000373,26012,N,5,550,201912
20191003,20191003,73,164120073,101023810,26012,N,2,551,201912
20191003,20191003,73,164120073,101024165,26010,N,5,552,201912
20191003,20191003,73,164120073,101024295,26006,N,3,553,201912
20191003,20191003,73,164120073,101202382,26006,N,5,554,201912
20191003,20191003,73,164120073,101215432,26006,N,1,555,201912
20191003,20191003,73,164120073,101239404,26006,N,1,556,201912
20191003,20191003,73,164120073,101333567,26006,N,2,557,201912
20191003,20191003,73,164120073,101437860,26006,N,5,558,201912
20191003,20191003,73,164120073,101437985,26006,N,1,559,201912
20191003,20191003,73,164120073,101441357,26006,N,5,560,201912
20191003,20191003,73,164120073,101631951,26006,N,5,561,201912
20191003,20191003,73,164120073,101721421,26021,N,10,562,201912
20191003,20191003,73,164120073,101841952,26021,N,12,563,201912
20191003,20191003,73,164120073,101921314,26021,N,3,564,201912
20191003,20191003,73,164120073,103729854,26021,N,5,565,201912
20191003,20191003,73,164120073,103729979,26021,N,16,566,201912
20191003,20191003,73,164120073,103730104,26021,N,4,567,201912
20191003,20191003,73,164120073,104126972,26015,N,1,568,201912
20191003,20191003,73,164120073,104130170,26013,N,11,569,201912
20191003,20191003,73,164120073,104130295,26013,N,12,570,201912
20191003,20191003,73,164120073,104137039,26010,N,5,571,201912
20191003,20191003,73,164120073,104138337,26010,N,5,572,201912
20191003,20191003,73,164120073,104216942,26006,N,5,573,201912
20191003,20191003,73,164120073,104217067,26006,N,2,574,201912
20191003,20191003,73,164120073,104220435,26004,N,2,575,201912
20191003,20191003,73,164120073,104220435,26004,N,3,576,201912
20191003,20191003,73,164120073,104220565,26003,N,5,577,201912
20191003,20191003,73,164120073,104416720,26003,N,5,578,201912
20191003,20191003,73,164120073,104418912,26003,N,3,579,201912
20191003,20191003,73,164120073,104527225,26015,N,10,580,201912
20191003,20191003,73,164120073,105305181,26019,N,5,581,201912
20191003,20191003,73,164120073,105446723,26015,N,5,582,201912
20191003,20191003,73,164120073,105456678,26015,N,5,583,201912
20191003,20191003,73,164120073,105503413,26015,N,2,584,201912
20191003,20191003,73,164120073,105915382,26041,N,2,585,201912
20191003,20191003,73,164120073,105916771,26041,N,2,586,201912
20191003,20191003,73,164120073,110250299,26052,N,20,587,201912
20191003,20191003,73,164120073,111009542,26055,N,11,588,201912
20191003,20191003,73,164120073,111645208,26048,N,4,589,201912
20191003,20191003,73,164120073,111746138,26046,N,2,590,201912
20191003,20191003,73,164120073,111949359,26045,N,1,591,201912
20191003,20191003,73,164120073,114929121,26024,N,5,592,201912
20191003,20191003,73,164120073,114929245,26024,N,16,593,201912
20191003,20191003,73,164120073,114929370,26024,N,16,594,201912
20191003,20191003,73,164120073,114933493,26024,N,5,595,201912
20191003,20191003,73,164120073,114950070,26024,N,5,596,201912
20191003,20191003,73,164120073,114950195,26024,N,2,597,201912
20191003,20191003,73,164120073,115820216,26035,N,1,598,201912
20191003,20191003,73,164120073,120027733,26035,N,1,599,201912
20191003,20191003,73,164120073,120027733,26035,N,1,600,201912
20191003,20191003,73,164120073,120847483,26053,N,1,601,201912
20191003,20191003,73,164120073,121028289,26053,N,1,602,201912
20191003,20191003,73,164120073,121337514,26048,N,1,603,201912
20191003,20191003,73,164120073,123053006,26039,N,1,604,201912
20191003,20191003,73,164120073,123606464,26059,N,2,605,201912
20191003,20191003,73,164120073,123606899,26059,N,2,606,201912
20191003,20191003,73,164120073,123610307,26059,N,1,607,201912
20191003,20191003,73,164120073,123637754,26058,N,1,608,201912
20191003,20191003,73,164120073,123845444,26050,N,1,609,201912
20191003,20191003,73,164120073,124016561,26045,N,2,610,201912
20191003,20191003,73,164120073,124228230,26037,N,7,611,201912
20191003,20191003,73,164120073,130728479,26026,N,1,612,201912
20191003,20191003,73,164120073,132654112,26023,N,1,613,201912
20191003,20191003,73,164120073,140002780,26022,N,1,614,201912
20191003,20191003,73,164120073,141821069,26030,N,1,615,201912
20191003,20191003,73,164120073,143004926,26028,N,1,616,201912
20191003,20191003,73,164120073,144037232,26019,N,11,617,201912
20191003,20191003,73,164120073,144107798,26019,N,7,618,201912
20191003,20191003,73,164120073,144112310,26018,N,10,619,201912
20191003,20191003,73,164120073,144125813,26017,N,10,620,201912
20191003,20191003,73,164120073,144135161,26017,N,1,621,201912
20191003,20191003,73,164120073,144145559,26013,N,1,622,201912
20191003,20191003,73,164120073,144146609,26013,N,1,623,201912
20191003,20191003,73,164120073,145751112,26022,N,1,624,201912
20191003,20191003,73,164120073,145838363,26021,N,1,625,201912
20191003,20191003,73,164120073,150223338,26012,N,20,626,201912
20191003,20191003,73,164120073,150411861,26003,N,10,627,201912
20191003,20191003,73,164120073,150415894,26001,N,10,628,201912
20191003,20191003,73,164120073,150416204,26001,N,10,629,201912
20191003,20191003,73,164120073,150443539,26000,N,3,630,201912
20191003,20191003,73,164120073,150851855,25989,N,2,631,201912
20191003,20191003,73,164120073,151501008,25981,E,7,632,201912
20191003,20191002,73,165030073,163001046,26423,O,1,633,202003
20191003,20191002,73,165030073,174716380,26368,N,1,634,202003
20191003,20191002,73,165030073,174730901,26336,N,1,635,202003
20191003,20191002,73,165030073,175102380,26300,N,1,636,202003
20191003,20191002,73,165030073,233203722,26050,N,1,637,202003
20191003,20191002,73,165030073,234149791,26000,N,1,638,202003
20191003,20191002,73,165030073,010535523,25900,E,1,639,202003
20191003,20191003,73,165030073,084501051,25886,O,3,640,202003
20191004,20191003,73,164120073,163001046,26053,O,2,1,201912
20191004,20191003,73,164120073,163911740,26050,N,1,2,201912
20191004,20191003,73,164120073,163917643,26053,N,1,3,201912
20191004,20191003,73,164120073,163955338,26062,N,1,4,201912
20191004,20191003,73,164120073,163959603,26062,N,1,5,201912
20191004,20191003,73,164120073,164001785,26062,N,8,6,201912
20191004,20191003,73,164120073,164002060,26064,N,1,7,201912
20191004,20191003,73,164120073,164016558,26065,N,1,8,201912
20191004,20191003,73,164120073,164036514,26065,N,1,9,201912
20191004,20191003,73,164120073,164101717,26074,N,1,10,201912
20191004,20191003,73,164120073,164102109,26073,N,1,11,201912
20191004,20191003,73,164120073,165728306,26066,N,1,12,201912
20191004,20191003,73,164120073,170003565,26049,N,2,13,201912
20191004,20191003,73,164120073,170025237,26040,N,1,14,201912
20191004,20191003,73,164120073,171103962,26041,N,5,15,201912
20191004,20191003,73,164120073,171150529,26042,N,10,16,201912
20191004,20191003,73,164120073,171628683,26057,N,10,17,201912
20191004,20191003,73,164120073,172001016,26068,N,10,18,201912
20191004,20191003,73,164120073,172440869,26060,N,1,19,201912
20191004,20191003,73,164120073,173222287,26065,N,1,20,201912
20191004,20191003,73,164120073,174229753,26064,N,1,21,201912
20191004,20191003,73,164120073,180119313,26034,N,20,22,201912
20191004,20191003,73,164120073,180119313,26025,N,1,23,201912
20191004,20191003,73,164120073,180719858,26039,N,1,24,201912
20191004,20191003,73,164120073,181207268,26055,N,1,25,201912
20191004,20191003,73,164120073,181244098,26042,N,1,26,201912
20191004,20191003,73,164120073,182034460,26055,N,1,27,201912
20191004,20191003,73,164120073,183821010,26041,N,10,28,201912
20191004,20191003,73,164120073,190145444,26055,N,1,29,201912
20191004,20191003,73,164120073,191108975,26054,N,1,30,201912
20191004,20191003,73,164120073,191250082,26055,N,1,31,201912
20191004,20191003,73,164120073,192013367,26057,N,2,32,201912
20191004,20191003,73,164120073,192203997,26054,N,1,33,201912
20191004,20191003,73,164120073,193310414,26053,N,2,34,201912
20191004,20191003,73,164120073,193343396,26052,N,5,35,201912
20191004,20191003,73,164120073,195820968,26010,N,33,36,201912
20191004,20191003,73,164120073,195826775,26010,N,11,37,201912
20191004,20191003,73,164120073,195826797,26010,N,6,38,201912
20191004,20191003,73,164120073,200252435,26009,N,1,39,201912
20191004,20191003,73,164120073,200506701,26000,N,20,40,201912
20191004,20191003,73,164120073,202128165,26023,N,1,41,201912
20191004,20191003,73,164120073,202301934,26023,N,1,42,201912
20191004,20191003,73,164120073,203102768,26023,N,3,43,201912
20191004,20191003,73,164120073,203211374,26010,N,1,44,201912
20191004,20191003,73,164120073,203211374,26007,N,10,45,201912
20191004,20191003,73,164120073,203632176,26001,N,10,46,201912
20191004,20191003,73,164120073,203633918,25990,N,5,47,201912
20191004,20191003,73,164120073,203634210,25990,N,5,48,201912
20191004,20191003,73,164120073,203728715,25990,N,5,49,201912
20191004,20191003,73,164120073,203729352,25990,N,5,50,201912
20191004,20191003,73,164120073,203729477,25990,N,11,51,201912
20191004,20191003,73,164120073,203729602,25990,N,19,52,201912
20191004,20191003,73,164120073,203812160,25985,N,1,53,201912
20191004,20191003,73,164120073,203849232,25981,N,1,54,201912
20191004,20191003,73,164120073,203854788,25982,N,1,55,201912
20191004,20191003,73,164120073,203914305,25974,N,3,56,201912
20191004,20191003,73,164120073,204846599,25960,N,5,57,201912
20191004,20191003,73,164120073,204859436,25965,N,1,58,201912
20191004,20191003,73,164120073,204917192,25959,N,5,59,201912
20191004,20191003,73,164120073,204917316,25959,N,30,60,201912
20191004,20191003,73,164120073,204959667,25950,N,1,61,201912
20191004,20191003,73,164120073,205304830,25941,N,10,62,201912
20191004,20191003,73,164120073,205326269,25940,N,6,63,201912
20191004,20191003,73,164120073,205945772,25953,N,1,64,201912
20191004,20191003,73,164120073,210612463,25960,N,1,65,201912
20191004,20191003,73,164120073,210704873,25959,N,1,66,201912
20191004,20191003,73,164120073,210704873,25959,N,1,67,201912
20191004,20191003,73,164120073,211038496,25967,N,1,68,201912
20191004,20191003,73,164120073,211158154,25967,N,1,69,201912
20191004,20191003,73,164120073,211200447,25967,N,3,70,201912
20191004,20191003,73,164120073,213152482,25986,N,2,71,201912
20191004,20191003,73,164120073,213223134,25987,N,11,72,201912
20191004,20191003,73,164120073,213715801,26007,N,1,73,201912
20191004,20191003,73,164120073,213716568,26005,N,1,74,201912
20191004,20191003,73,164120073,213723916,26004,N,2,75,201912
20191004,20191003,73,164120073,213729353,25999,N,1,76,201912
20191004,20191003,73,164120073,213824569,25996,N,1,77,201912
20191004,20191003,73,164120073,213834016,25996,N,2,78,201912
20191004,20191003,73,164120073,214218169,25976,N,9,79,201912
20191004,20191003,73,164120073,214218170,25975,N,10,80,201912
20191004,20191003,73,164120073,214801723,26002,N,1,81,201912
20191004,20191003,73,164120073,215308064,25998,N,1,82,201912
20191004,20191003,73,164120073,215951866,25978,N,10,83,201912
20191004,20191003,73,164120073,221635367,26004,N,1,84,201912
20191004,20191003,73,164120073,222506348,25993,N,2,85,201912
20191004,20191003,73,164120073,222803898,25993,N,1,86,201912
20191004,20191003,73,164120073,223221363,26000,N,11,87,201912
20191004,20191003,73,164120073,223225064,26009,N,1,88,201912
20191004,20191003,73,164120073,223231801,26011,N,1,89,201912
20191004,20191003,73,164120073,223423396,26033,N,1,90,201912
20191004,20191003,73,164120073,223423522,26029,N,1,91,201912
20191004,20191003,73,164120073,223521971,26026,N,10,92,201912
20191004,20191003,73,164120073,223521971,26028,N,10,93,201912
20191004,20191003,73,164120073,223529114,26045,N,2,94,201912
20191004,20191003,73,164120073,223558192,26029,N,2,95,201912
20191004,20191003,73,164120073,223640782,26017,N,10,96,201912
20191004,20191003,73,164120073,223705436,26010,N,2,97,201912
20191004,20191003,73,164120073,223733790,26009,N,1,98,201912
20191004,20191003,73,164120073,223744235,26010,N,2,99,201912
20191004,20191003,73,164120073,223900718,26007,N,1,100,201912
20191004,20191003,73,164120073,224706399,26005,N,1,101,201912
20191004,20191003,73,164120073,230000073,25986,N,1,102,201912
20191004,20191003,73,164120073,230002140,25940,N,1,103,201912
20191004,20191003,73,164120073,230002620,25920,N,1,104,201912
20191004,20191003,73,164120073,230002620,25915,N,1,105,201912
20191004,20191003,73,164120073,230005363,25911,N,1,106,201912
20191004,20191003,73,164120073,230006103,25900,N,1,107,201912
20191004,20191003,73,164120073,230011104,25875,N,1,108,201912
20191004,20191003,73,164120073,230019260,25850,N,1,109,201912
20191004,20191003,73,164120073,230019262,25840,N,1,110,201912
20191004,20191003,73,164120073,230020053,25840,N,5,111,201912
20191004,20191003,73,164120073,230020177,25840,N,4,112,201912
20191004,20191003,73,164120073,230023226,25820,N,3,113,201912
20191004,20191003,73,164120073,230029845,25806,N,2,114,201912
20191004,20191003,73,164120073,230032883,25806,N,5,115,201912
20191004,20191003,73,164120073,230038929,25805,N,1,116,201912
20191004,20191003,73,164120073,230038949,25804,N,1,117,201912
20191004,20191003,73,164120073,230039012,25800,N,10,118,201912
20191004,20191003,73,164120073,230039858,25804,N,9,119,201912
20191004,20191003,73,164120073,230040062,25800,N,4,120,201912
20191004,20191003,73,164120073,230040086,25800,N,6,121,201912
20191004,20191003,73,164120073,230043207,25800,N,5,122,201912
20191004,20191003,73,164120073,230043253,25800,N,10,123,201912
20191004,20191003,73,164120073,230051317,25805,N,7,124,201912
20191004,20191003,73,164120073,230148649,25807,N,1,125,201912
20191004,20191003,73,164120073,230148649,25788,N,9,126,201912
20191004,20191003,73,164120073,230148652,25781,N,1,127,201912
20191004,20191003,73,164120073,230159548,25780,N,1,128,201912
20191004,20191003,73,164120073,230159548,25768,N,9,129,201912
20191004,20191003,73,164120073,230230244,25768,N,1,130,201912
20191004,20191003,73,164120073,230246084,25790,N,1,131,201912
20191004,20191003,73,164120073,230257475,25783,N,4,132,201912
20191004,20191003,73,164120073,230309076,25800,N,2,133,201912
20191004,20191003,73,164120073,230326809,25783,N,5,134,201912
20191004,20191003,73,164120073,230326890,25790,N,1,135,201912
20191004,20191003,73,164120073,230357806,25797,N,10,136,201912
20191004,20191003,73,164120073,230405404,25789,N,10,137,201912
20191004,20191003,73,164120073,230414404,25776,N,10,138,201912
20191004,20191003,73,164120073,230513633,25759,N,10,139,201912
20191004,20191003,73,164120073,230527063,25755,N,2,140,201912
20191004,20191003,73,164120073,230535378,25752,N,1,141,201912
20191004,20191003,73,164120073,230604699,25750,N,1,142,201912
20191004,20191003,73,164120073,230605763,25736,N,1,143,201912
20191004,20191003,73,164120073,230615368,25717,N,1,144,201912
20191004,20191003,73,164120073,230626127,25730,N,1,145,201912
20191004,20191003,73,164120073,230640600,25735,N,2,146,201912
20191004,20191003,73,164120073,230801833,25700,N,10,147,201912
20191004,20191003,73,164120073,230802087,25693,N,1,148,201912
20191004,20191003,73,164120073,230823504,25688,N,1,149,201912
20191004,20191003,73,164120073,230827007,25687,N,11,150,201912
20191004,20191003,73,164120073,230836053,25702,N,1,151,201912
20191004,20191003,73,164120073,230923313,25723,N,3,152,201912
20191004,20191003,73,164120073,230924006,25726,N,10,153,201912
20191004,20191003,73,164120073,230928485,25721,N,1,154,201912
20191004,20191003,73,164120073,230949700,25730,N,2,155,201912
20191004,20191003,73,164120073,231027818,25708,N,2,156,201912
20191004,20191003,73,164120073,231239438,25706,N,10,157,201912
20191004,20191003,73,164120073,231335402,25700,N,1,158,201912
20191004,20191003,73,164120073,231404808,25719,N,10,159,201912
20191004,20191003,73,164120073,231404808,25720,N,10,160,201912
20191004,20191003,73,164120073,231404808,25721,N,5,161,201912
20191004,20191003,73,164120073,231412628,25725,N,2,162,201912
20191004,20191003,73,164120073,231517572,25750,N,10,163,201912
20191004,20191003,73,164120073,231631650,25728,N,10,164,201912
20191004,20191003,73,164120073,231640286,25720,N,1,165,201912
20191004,20191003,73,164120073,231650011,25738,N,5,166,201912
20191004,20191003,73,164120073,231702006,25721,N,1,167,201912
20191004,20191003,73,164120073,231746546,25729,N,5,168,201912
20191004,20191003,73,164120073,231836047,25730,N,2,169,201912
20191004,20191003,73,164120073,232258520,25814,N,20,170,201912
20191004,20191003,73,164120073,232258610,25824,N,2,171,201912
20191004,20191003,73,164120073,232303684,25814,N,1,172,201912
20191004,20191003,73,164120073,232322831,25823,N,2,173,201912
20191004,20191003,73,164120073,232334755,25820,N,10,174,201912
20191004,20191003,73,164120073,232340771,25835,N,1,175,201912
20191004,20191003,73,164120073,232452616,25804,N,10,176,201912
20191004,20191003,73,164120073,232549430,25822,N,1,177,201912
20191004,20191003,73,164120073,232601042,25829,N,11,178,201912
20191004,20191003,73,164120073,232617711,25835,N,1,179,201912
20191004,20191003,73,164120073,232619617,25863,N,10,180,201912
20191004,20191003,73,164120073,232619814,25882,N,10,181,201912
20191004,20191003,73,164120073,232638638,25877,N,10,182,201912
20191004,20191003,73,164120073,232640415,25877,N,1,183,201912
20191004,20191003,73,164120073,232701933,25854,N,10,184,201912
20191004,20191003,73,164120073,232726601,25888,N,10,185,201912
20191004,20191003,73,164120073,232726601,25889,N,1,186,201912
20191004,20191003,73,164120073,232739173,25896,N,5,187,201912
20191004,20191003,73,164120073,232739300,25896,N,5,188,201912
20191004,20191003,73,164120073,232743014,25897,N,10,189,201912
20191004,20191003,73,164120073,232743484,25914,N,1,190,201912
20191004,20191003,73,164120073,232744016,25908,N,10,191,201912
20191004,20191003,73,164120073,232747019,25922,N,10,192,201912
20191004,20191003,73,164120073,232750403,25911,N,5,193,201912
20191004,20191003,73,164120073,232750546,25911,N,5,194,201912
20191004,20191003,73,164120073,232755152,25905,N,10,195,201912
20191004,20191003,73,164120073,232807920,25896,N,1,196,201912
20191004,20191003,73,164120073,232815810,25909,N,1,197,201912
20191004,20191003,73,164120073,232822956,25896,N,1,198,201912
20191004,20191003,73,164120073,232827718,25904,N,2,199,201912
20191004,20191003,73,164120073,232908135,25870,N,10,200,201912
20191004,20191003,73,164120073,232925737,25876,N,1,201,201912
20191004,20191003,73,164120073,233008075,25888,N,2,202,201912
20191004,20191003,73,164120073,233029646,25870,N,1,203,201912
20191004,20191003,73,164120073,233228606,25877,N,10,204,201912
20191004,20191003,73,164120073,233550523,25913,N,10,205,201912
20191004,20191003,73,164120073,233615795,25917,N,1,206,201912
20191004,20191003,73,164120073,233617747,25941,N,1,207,201912
20191004,20191003,73,164120073,233634690,25941,N,1,208,201912
20191004,20191003,73,164120073,233640935,25945,N,1,209,201912
20191004,20191003,73,164120073,233645053,25941,N,1,210,201912
20191004,20191003,73,164120073,233720111,25935,N,10,211,201912
20191004,20191003,73,164120073,233922605,25916,N,2,212,201912
20191004,20191003,73,164120073,234003887,25918,N,1,213,201912
20191004,20191003,73,164120073,234254003,25899,N,20,214,201912
20191004,20191003,73,164120073,234309805,25895,N,1,215,201912
20191004,20191003,73,164120073,234329413,25888,N,11,216,201912
20191004,20191003,73,164120073,234830527,25850,N,1,217,201912
20191004,20191003,73,164120073,234836460,25850,N,6,218,201912
20191004,20191003,73,164120073,234941569,25860,N,5,219,201912
20191004,20191003,73,164120073,234941739,25860,N,1,220,201912
20191004,20191003,73,164120073,235317403,25835,N,1,221,201912
20191004,20191003,73,164120073,235405563,25835,N,1,222,201912
20191004,20191003,73,164120073,235712791,25871,N,1,223,201912
20191004,20191003,73,164120073,235736546,25885,N,1,224,201912
20191004,20191003,73,164120073,235826341,25896,N,1,225,201912
20191004,20191003,73,164120073,235845218,25900,N,1,226,201912
20191004,20191003,73,164120073,235848517,25901,N,10,227,201912
20191004,20191003,73,164120073,235848888,25900,N,3,228,201912
20191004,20191003,73,164120073,235911358,25904,N,2,229,201912
20191004,20191003,73,164120073,000000427,25896,N,2,230,201912
20191004,20191003,73,164120073,000000522,25895,N,10,231,201912
20191004,20191003,73,164120073,000000601,25893,N,8,232,201912
20191004,20191003,73,164120073,000000618,25893,N,1,233,201912
20191004,20191003,73,164120073,000138897,25940,N,1,234,201912
20191004,20191003,73,164120073,000206135,25959,N,1,235,201912
20191004,20191003,73,164120073,000235317,25962,N,10,236,201912
20191004,20191003,73,164120073,000241710,25968,N,10,237,201912
20191004,20191003,73,164120073,000245972,25980,N,1,238,201912
20191004,20191003,73,164120073,000302897,25993,N,10,239,201912
20191004,20191003,73,164120073,000311797,26000,N,2,240,201912
20191004,20191003,73,164120073,000311869,26004,N,1,241,201912
20191004,20191003,73,164120073,000315403,26003,N,10,242,201912
20191004,20191003,73,164120073,000330471,25997,N,10,243,201912
20191004,20191003,73,164120073,000635912,25999,N,1,244,201912
20191004,20191003,73,164120073,000716047,26019,N,10,245,201912
20191004,20191003,73,164120073,000716047,26020,N,11,246,201912
20191004,20191003,73,164120073,000747926,26026,N,10,247,201912
20191004,20191003,73,164120073,000747926,26025,N,10,248,201912
20191004,20191003,73,164120073,001008772,26029,N,10,249,201912
20191004,20191003,73,164120073,001241401,26031,N,1,250,201912
20191004,20191003,73,164120073,001244702,26022,N,1,251,201912
20191004,20191003,73,164120073,001254005,26014,N,10,252,201912
20191004,20191003,73,164120073,001306363,26022,N,1,253,201912
20191004,20191003,73,164120073,001312344,26026,N,1,254,201912
20191004,20191003,73,164120073,001530896,26040,N,10,255,201912
20191004,20191003,73,164120073,001530896,26041,N,10,256,201912
20191004,20191003,73,164120073,001550244,26041,N,10,257,201912
20191004,20191003,73,164120073,001554196,26051,N,10,258,201912
20191004,20191003,73,164120073,001555157,26053,N,1,259,201912
20191004,20191003,73,164120073,001555164,26053,N,1,260,201912
20191004,20191003,73,164120073,001556807,26049,N,1,261,201912
20191004,20191003,73,164120073,001616698,26053,N,2,262,201912
20191004,20191003,73,164120073,001617637,26053,N,2,263,201912
20191004,20191003,73,164120073,001622926,26054,N,2,264,201912
20191004,20191003,73,164120073,001627950,26055,N,1,265,201912
20191004,20191003,73,164120073,001628073,26055,N,1,266,201912
20191004,20191003,73,164120073,001643803,26049,N,1,267,201912
20191004,20191003,73,164120073,001826867,26044,N,10,268,201912
20191004,20191003,73,164120073,001918643,26072,N,1,269,201912
20191004,20191003,73,164120073,001923684,26067,N,1,270,201912
20191004,20191003,73,164120073,002010839,26058,N,1,271,201912
20191004,20191003,73,164120073,002041140,26055,N,2,272,201912
20191004,20191003,73,164120073,002041442,26054,N,1,273,201912
20191004,20191003,73,164120073,002158775,26030,N,1,274,201912
20191004,20191003,73,164120073,002158775,26029,N,9,275,201912
20191004,20191003,73,164120073,002222587,26025,N,1,276,201912
20191004,20191003,73,164120073,002702191,26008,N,1,277,201912
20191004,20191003,73,164120073,002957591,26010,N,1,278,201912
20191004,20191003,73,164120073,003140639,26010,N,1,279,201912
20191004,20191003,73,164120073,003145418,26008,N,1,280,201912
20191004,20191003,73,164120073,003602987,25996,N,10,281,201912
20191004,20191003,73,164120073,005529108,25975,N,1,282,201912
20191004,20191003,73,164120073,010800315,26017,N,2,283,201912
20191004,20191003,73,164120073,011000502,26016,N,1,284,201912
20191004,20191003,73,164120073,011249957,26020,N,2,285,201912
20191004,20191003,73,164120073,011339190,26028,N,1,286,201912
20191004,20191003,73,164120073,011351175,26030,N,5,287,201912
20191004,20191003,73,164120073,012805045,26024,N,2,288,201912
20191004,20191003,73,164120073,013226485,26050,N,10,289,201912
20191004,20191003,73,164120073,013547801,26043,N,1,290,201912
20191004,20191003,73,164120073,015656088,26063,N,20,291,201912
20191004,20191003,73,164120073,015721817,26081,N,1,292,201912
20191004,20191003,73,164120073,015722306,26085,N,10,293,201912
20191004,20191003,73,164120073,021224644,26050,N,1,294,201912
20191004,20191003,73,164120073,024036323,26090,N,1,295,201912
20191004,20191003,73,164120073,024036324,26091,N,1,296,201912
20191004,20191003,73,164120073,024036326,26094,N,10,297,201912
20191004,20191003,73,164120073,024130726,26100,N,11,298,201912
20191004,20191003,73,164120073,024130729,26106,N,1,299,201912
20191004,20191003,73,164120073,024334701,26111,N,10,300,201912
20191004,20191003,73,164120073,025453792,26108,N,5,301,201912
20191004,20191003,73,164120073,025455578,26108,N,5,302,201912
20191004,20191003,73,164120073,025455703,26108,N,11,303,201912
20191004,20191003,73,164120073,025455828,26108,N,4,304,201912
20191004,20191003,73,164120073,030508837,26095,N,10,305,201912
20191004,20191003,73,164120073,030508837,26094,N,10,306,201912
20191004,20191003,73,164120073,033011212,26116,N,20,307,201912
20191004,20191003,73,164120073,033011215,26115,N,10,308,201912
20191004,20191003,73,164120073,033547719,26120,N,2,309,201912
20191004,20191003,73,164120073,033614447,26110,N,10,310,201912
20191004,20191003,73,164120073,035437917,26091,N,10,311,201912
20191004,20191003,73,164120073,041757773,26073,N,10,312,201912
20191004,20191003,73,164120073,043937945,26079,N,1,313,201912
20191004,20191003,73,164120073,045001535,26039,N,10,314,201912
20191004,20191003,73,164120073,045552909,26107,N,10,315,201912
20191004,20191003,73,164120073,045853988,26119,N,10,316,201912
20191004,20191003,73,164120073,045943497,26127,N,1,317,201912
20191004,20191003,73,164120073,050008249,26150,N,1,318,201912
20191004,20191003,73,164120073,051003928,26155,N,1,319,201912
20191004,20191003,73,164120073,051304052,26149,N,10,320,201912
20191004,20191003,73,164120073,051438670,26154,N,1,321,201912
20191004,20191003,73,164120073,051647751,26136,N,1,322,201912
20191004,20191003,73,164120073,051647751,26135,E,1,323,201912
20191004,20191004,73,164120073,084501051,26134,O,5,324,201912
20191004,20191004,73,164120073,090228743,26130,N,1,325,201912
20191004,20191004,73,164120073,090244345,26124,N,1,326,201912
20191004,20191004,73,164120073,091925288,26137,N,1,327,201912
20191004,20191004,73,164120073,092038039,26137,N,1,328,201912
20191004,20191004,73,164120073,092123127,26137,N,1,329,201912
20191004,20191004,73,164120073,092156984,26137,N,1,330,201912
20191004,20191004,73,164120073,092219657,26137,N,1,331,201912
20191004,20191004,73,164120073,092843723,26115,N,1,332,201912
20191004,20191004,73,164120073,100020215,26132,N,1,333,201912
20191004,20191004,73,164120073,100701594,26135,N,5,334,201912
20191004,20191004,73,164120073,100701719,26135,N,5,335,201912
20191004,20191004,73,164120073,104820603,26123,N,1,336,201912
20191004,20191004,73,164120073,110113094,26123,N,1,337,201912
20191004,20191004,73,164120073,110337658,26130,N,1,338,201912
20191004,20191004,73,164120073,114540434,26141,N,1,339,201912
20191004,20191004,73,164120073,120541407,26124,N,1,340,201912
20191004,20191004,73,164120073,120854094,26121,N,1,341,201912
20191004,20191004,73,164120073,132409257,26145,N,1,342,201912
20191004,20191004,73,164120073,132422306,26145,N,1,343,201912
20191004,20191004,73,164120073,132626235,26136,N,2,344,201912
20191004,20191004,73,164120073,132728157,26150,N,2,345,201912
20191004,20191004,73,164120073,132755461,26155,N,5,346,201912
20191004,20191004,73,164120073,132758937,26156,N,5,347,201912
20191004,20191004,73,164120073,132910860,26157,N,3,348,201912
20191004,20191004,73,164120073,135527721,26150,N,1,349,201912
20191004,20191004,73,164120073,140536016,26170,N,10,350,201912
20191004,20191004,73,164120073,140545003,26178,N,2,351,201912
20191004,20191004,73,164120073,140650639,26173,N,1,352,201912
20191004,20191004,73,164120073,140652789,26174,N,1,353,201912
20191004,20191004,73,164120073,140932181,26175,N,1,354,201912
20191004,20191004,73,164120073,140932279,26175,N,1,355,201912
20191004,20191004,73,164120073,141003783,26179,N,1,356,201912
20191004,20191004,73,164120073,141010250,26180,N,1,357,201912
20191004,20191004,73,164120073,141035130,26200,N,1,358,201912
20191004,20191004,73,164120073,141240042,26199,N,5,359,201912
20191004,20191004,73,164120073,141402351,26198,N,1,360,201912
20191004,20191004,73,164120073,141430411,26216,N,10,361,201912
20191004,20191004,73,164120073,141433636,26222,N,1,362,201912
20191004,20191004,73,164120073,141602272,26207,N,1,363,201912
20191004,20191004,73,164120073,141608101,26205,N,1,364,201912
20191004,20191004,73,164120073,141738926,26207,N,1,365,201912
20191004,20191004,73,164120073,141751516,26213,N,5,366,201912
20191004,20191004,73,164120073,141832948,26207,N,5,367,201912
20191004,20191004,73,164120073,141931964,26202,N,1,368,201912
20191004,20191004,73,164120073,141934319,26202,N,2,369,201912
20191004,20191004,73,164120073,141955628,26200,N,1,370,201912
20191004,20191004,73,164120073,142041690,26201,N,5,371,201912
20191004,20191004,73,164120073,142113369,26201,N,2,372,201912
20191004,20191004,73,164120073,143438968,26180,N,1,373,201912
20191004,20191004,73,164120073,144331886,26187,N,1,374,201912
20191004,20191004,73,164120073,150310377,26160,N,1,375,201912
20191004,20191004,73,164120073,150314390,26155,N,5,376,201912
20191004,20191004,73,164120073,150317343,26154,N,5,377,201912
20191004,20191004,73,164120073,150331383,26157,N,5,378,201912
20191004,20191004,73,164120073,150458506,26160,N,2,379,201912
20191004,20191004,73,164120073,150802931,26150,N,1,380,201912
20191004,20191004,73,164120073,151501009,26141,E,2,381,201912
20191004,20191003,73,165030073,230153830,25750,O,1,382,202003
20191004,20191004,73,165030073,141543006,26125,O,4,383,202003
20191004,20191004,73,165030073,141544585,26125,E,1,384,202003
20191007,20191004,73,164120073,163001046,26111,O,1,1,201912
20191007,20191004,73,164120073,163813634,26105,N,1,2,201912
20191007,20191004,73,164120073,163852062,26107,N,1,3,201912
20191007,20191004,73,164120073,163951835,26105,N,1,4,201912
20191007,20191004,73,164120073,165944807,26110,N,1,5,201912
20191007,20191004,73,164120073,165944848,26142,N,1,6,201912
20191007,20191004,73,164120073,172604712,26132,N,1,7,201912
20191007,20191004,73,164120073,174214652,26115,N,1,8,201912
20191007,20191004,73,164120073,174324999,26114,N,1,9,201912
20191007,20191004,73,164120073,174709373,26114,N,1,10,201912
20191007,20191004,73,164120073,175910377,26111,N,4,11,201912
20191007,20191004,73,164120073,175910503,26105,N,1,12,201912
20191007,20191004,73,164120073,183911481,26048,N,5,13,201912
20191007,20191004,73,164120073,183911721,26048,N,2,14,201912
20191007,20191004,73,164120073,184827807,26061,N,1,15,201912
20191007,20191004,73,164120073,190034830,26063,N,1,16,201912
20191007,20191004,73,164120073,190036551,26065,N,2,17,201912
20191007,20191004,73,164120073,190444838,26080,N,10,18,201912
20191007,20191004,73,164120073,190708295,26090,N,1,19,201912
20191007,20191004,73,164120073,192225700,26086,N,5,20,201912
20191007,20191004,73,164120073,192958277,26083,N,1,21,201912
20191007,20191004,73,164120073,194003957,26059,N,1,22,201912
20191007,20191004,73,164120073,195516117,26070,N,1,23,201912
20191007,20191004,73,164120073,195623705,26075,N,2,24,201912
20191007,20191004,73,164120073,195941025,26080,N,1,25,201912
20191007,20191004,73,164120073,195941025,26067,N,6,26,201912
20191007,20191004,73,164120073,203020226,26077,N,1,27,201912
20191007,20191004,73,164120073,205901836,26074,N,1,28,201912
20191007,20191004,73,164120073,210134537,26073,N,7,29,201912
20191007,20191004,73,164120073,211005184,26100,N,1,30,201912
20191007,20191004,73,164120073,211021329,26093,N,1,31,201912
20191007,20191004,73,164120073,211033890,26096,N,2,32,201912
20191007,20191004,73,164120073,211047742,26087,N,1,33,201912
20191007,20191004,73,164120073,211111705,26087,N,1,34,201912
20191007,20191004,73,164120073,211121783,26086,N,2,35,201912
20191007,20191004,73,164120073,213005320,26100,N,1,36,201912
20191007,20191004,73,164120073,213007058,26110,N,2,37,201912
20191007,20191004,73,164120073,213102052,26200,N,1,38,201912
20191007,20191004,73,164120073,213102055,26235,N,7,39,201912
20191007,20191004,73,164120073,213102058,26235,N,1,40,201912
20191007,20191004,73,164120073,213103060,26238,N,1,41,201912
20191007,20191004,73,164120073,213117463,26218,N,2,42,201912
20191007,20191004,73,164120073,213228100,26219,N,1,43,201912
20191007,20191004,73,164120073,213527055,26240,N,1,44,201912
20191007,20191004,73,164120073,213622937,26210,N,1,45,201912
20191007,20191004,73,164120073,213917373,26210,N,7,46,201912
20191007,20191004,73,164120073,213956643,26200,N,1,47,201912
20191007,20191004,73,164120073,215253916,26219,N,5,48,201912
20191007,20191004,73,164120073,215503183,26220,N,5,49,201912
20191007,20191004,73,164120073,215654965,26204,N,10,50,201912
20191007,20191004,73,164120073,215817501,26249,N,2,51,201912
20191007,20191004,73,164120073,215817504,26249,N,1,52,201912
20191007,20191004,73,164120073,215934560,26249,N,1,53,201912
20191007,20191004,73,164120073,220011585,26216,N,1,54,201912
20191007,20191004,73,164120073,220015536,26214,N,1,55,201912
20191007,20191004,73,164120073,220028609,26228,N,10,56,201912
20191007,20191004,73,164120073,220028609,26229,N,10,57,201912
20191007,20191004,73,164120073,220126629,26217,N,5,58,201912
20191007,20191004,73,164120073,220126756,26217,N,5,59,201912
20191007,20191004,73,164120073,220131242,26215,N,2,60,201912
20191007,20191004,73,164120073,220301037,26239,N,2,61,201912
20191007,20191004,73,164120073,220353773,26235,N,5,62,201912
20191007,20191004,73,164120073,220353898,26235,N,1,63,201912
20191007,20191004,73,164120073,220840674,26210,N,1,64,201912
20191007,20191004,73,164120073,220844660,26213,N,1,65,201912
20191007,20191004,73,164120073,221430103,26214,N,10,66,201912
20191007,20191004,73,164120073,221618133,26230,N,1,67,201912
20191007,20191004,73,164120073,221825236,26219,N,1,68,201912
20191007,20191004,73,164120073,221958025,26221,N,1,69,201912
20191007,20191004,73,164120073,222102302,26212,N,1,70,201912
20191007,20191004,73,164120073,222146814,26210,N,1,71,201912
20191007,20191004,73,164120073,222808977,26221,N,10,72,201912
20191007,20191004,73,164120073,222808977,26220,N,1,73,201912
20191007,20191004,73,164120073,222811763,26220,N,10,74,201912
20191007,20191004,73,164120073,222811763,26219,N,1,75,201912
20191007,20191004,73,164120073,223010495,26219,N,1,76,201912
20191007,20191004,73,164120073,223027627,26211,N,3,77,201912
20191007,20191004,73,164120073,223107575,26235,N,1,78,201912
20191007,20191004,73,164120073,223117412,26250,N,1,79,201912
20191007,20191004,73,164120073,223118247,26255,N,1,80,201912
20191007,20191004,73,164120073,223128048,26279,N,10,81,201912
20191007,20191004,73,164120073,223246154,26289,N,10,82,201912
20191007,20191004,73,164120073,223307231,26281,N,5,83,201912
20191007,20191004,73,164120073,223307965,26281,N,1,84,201912
20191007,20191004,73,164120073,223308021,26281,N,1,85,201912
20191007,20191004,73,164120073,223310350,26280,N,1,86,201912
20191007,20191004,73,164120073,223310837,26279,N,3,87,201912
20191007,20191004,73,164120073,223725597,26293,N,10,88,201912
20191007,20191004,73,164120073,223725597,26295,N,3,89,201912
20191007,20191004,73,164120073,223725597,26299,N,7,90,201912
20191007,20191004,73,164120073,223800057,26293,N,1,91,201912
20191007,20191004,73,164120073,224219772,26278,N,3,92,201912
20191007,20191004,73,164120073,224327721,26274,N,10,93,201912
20191007,20191004,73,164120073,224339289,26283,N,1,94,201912
20191007,20191004,73,164120073,224647290,26291,N,2,95,201912
20191007,20191004,73,164120073,224701626,26278,N,10,96,201912
20191007,20191004,73,164120073,224723653,26296,N,4,97,201912
20191007,20191004,73,164120073,225202362,26260,N,1,98,201912
20191007,20191004,73,164120073,225207273,26270,N,2,99,201912
20191007,20191004,73,164120073,225345030,26280,N,1,100,201912
20191007,20191004,73,164120073,225834634,26300,N,1,101,201912
20191007,20191004,73,164120073,225836912,26304,N,1,102,201912
20191007,20191004,73,164120073,225856271,26309,N,1,103,201912
20191007,20191004,73,164120073,230001822,26304,N,1,104,201912
20191007,20191004,73,164120073,230029751,26320,N,3,105,201912
20191007,20191004,73,164120073,230035793,26349,N,10,106,201912
20191007,20191004,73,164120073,230035793,26350,N,10,107,201912
20191007,20191004,73,164120073,230045369,26353,N,4,108,201912
20191007,20191004,73,164120073,230107685,26321,N,2,109,201912
20191007,20191004,73,164120073,230315715,26363,N,1,110,201912
20191007,20191004,73,164120073,230435778,26347,N,10,111,201912
20191007,20191004,73,164120073,230438556,26351,N,5,112,201912
20191007,20191004,73,164120073,230445996,26344,N,4,113,201912
20191007,20191004,73,164120073,230628917,26340,N,5,114,201912
20191007,20191004,73,164120073,230831054,26320,N,5,115,201912
20191007,20191004,73,164120073,230831408,26320,N,5,116,201912
20191007,20191004,73,164120073,230902357,26311,N,1,117,201912
20191007,20191004,73,164120073,230912007,26311,N,6,118,201912
20191007,20191004,73,164120073,230919702,26310,N,2,119,201912
20191007,20191004,73,164120073,230947582,26294,N,1,120,201912
20191007,20191004,73,164120073,230947585,26294,N,1,121,201912
20191007,20191004,73,164120073,231107706,26300,N,10,122,201912
20191007,20191004,73,164120073,231533593,26307,N,1,123,201912
20191007,20191004,73,164120073,232221630,26320,N,2,124,201912
20191007,20191004,73,164120073,232627196,26321,N,1,125,201912
20191007,20191004,73,164120073,233405635,26285,N,6,126,201912
20191007,20191004,73,164120073,233422401,26280,N,1,127,201912
20191007,20191004,73,164120073,233949868,26256,N,1,128,201912
20191007,20191004,73,164120073,234520623,26261,N,1,129,201912
20191007,20191004,73,164120073,234635184,26260,N,2,130,201912
20191007,20191004,73,164120073,000129134,26280,N,1,131,201912
20191007,20191004,73,164120073,001557556,26321,N,5,132,201912
20191007,20191004,73,164120073,001558052,26321,N,5,133,201912
20191007,20191004,73,164120073,002836095,26329,N,1,134,201912
20191007,20191004,73,164120073,002914471,26331,N,5,135,201912
20191007,20191004,73,164120073,002915143,26331,N,3,136,201912
20191007,20191004,73,164120073,003135147,26343,N,1,137,201912
20191007,20191004,73,164120073,003331883,26350,N,1,138,201912
20191007,20191004,73,164120073,003331885,26377,N,1,139,201912
20191007,20191004,73,164120073,003335895,26371,N,10,140,201912
20191007,20191004,73,164120073,003718601,26352,N,10,141,201912
20191007,20191004,73,164120073,003736187,26379,N,5,142,201912
20191007,20191004,73,164120073,003737091,26379,N,5,143,201912
20191007,20191004,73,164120073,004024676,26379,N,1,144,201912
20191007,20191004,73,164120073,004024676,26380,N,1,145,201912
20191007,20191004,73,164120073,004430944,26356,N,10,146,201912
20191007,20191004,73,164120073,004504230,26346,N,1,147,201912
20191007,20191004,73,164120073,005030037,26374,N,10,148,201912
20191007,20191004,73,164120073,005057829,26380,N,1,149,201912
20191007,20191004,73,164120073,011445023,26365,N,1,150,201912
20191007,20191004,73,164120073,011745209,26379,N,3,151,201912
20191007,20191004,73,164120073,015621837,26370,N,1,152,201912
20191007,20191004,73,164120073,020327138,26359,N,10,153,201912
20191007,20191004,73,164120073,020340349,26360,N,4,154,201912
20191007,20191004,73,164120073,020601068,26364,N,10,155,201912
20191007,20191004,73,164120073,022959501,26360,N,1,156,201912
20191007,20191004,73,164120073,024033481,26360,N,3,157,201912
20191007,20191004,73,164120073,024243122,26365,N,2,158,201912
20191007,20191004,73,164120073,024246381,26372,N,1,159,201912
20191007,20191004,73,164120073,024246532,26378,N,1,160,201912
20191007,20191004,73,164120073,024246553,26380,N,1,161,201912
20191007,20191004,73,164120073,024246904,26381,N,10,162,201912
20191007,20191004,73,164120073,024757287,26364,N,4,163,201912
20191007,20191004,73,164120073,030304328,26380,N,2,164,201912
20191007,20191004,73,164120073,031019744,26390,N,1,165,201912
20191007,20191004,73,164120073,031347661,26390,N,4,166,201912
20191007,20191004,73,164120073,031507904,26399,N,1,167,201912
20191007,20191004,73,164120073,031507904,26400,N,7,168,201912
20191007,20191004,73,164120073,031507909,26400,N,4,169,201912
20191007,20191004,73,164120073,031507909,26410,N,1,170,201912
20191007,20191004,73,164120073,031525708,26407,N,5,171,201912
20191007,20191004,73,164120073,031550376,26415,N,10,172,201912
20191007,20191004,73,164120073,033137721,26425,N,1,173,201912
20191007,20191004,73,164120073,033317127,26429,N,5,174,201912
20191007,20191004,73,164120073,033317253,26429,N,11,175,201912
20191007,20191004,73,164120073,033337090,26425,N,2,176,201912
20191007,20191004,73,164120073,033548923,26422,N,5,177,201912
20191007,20191004,73,164120073,035135393,26417,N,1,178,201912
20191007,20191004,73,164120073,035153176,26409,N,1,179,201912
20191007,20191004,73,164120073,041302767,26414,N,2,180,201912
20191007,20191004,73,164120073,042452872,26435,N,1,181,201912
20191007,20191004,73,164120073,042508850,26445,N,1,182,201912
20191007,20191004,73,164120073,042823330,26450,N,5,183,201912
20191007,20191004,73,164120073,042823333,26450,N,1,184,201912
20191007,20191004,73,164120073,042823883,26450,N,5,185,201912
20191007,20191004,73,164120073,042824007,26450,N,1,186,201912
20191007,20191004,73,164120073,043650708,26470,N,1,187,201912
20191007,20191004,73,164120073,043916833,26480,N,1,188,201912
20191007,20191004,73,164120073,044048559,26487,N,10,189,201912
20191007,20191004,73,164120073,044136842,26483,N,5,190,201912
20191007,20191004,73,164120073,044216047,26487,N,5,191,201912
20191007,20191004,73,164120073,044309482,26488,N,1,192,201912
20191007,20191004,73,164120073,044347790,26488,N,9,193,201912
20191007,20191004,73,164120073,044736388,26490,N,5,194,201912
20191007,20191004,73,164120073,044827662,26493,N,5,195,201912
20191007,20191004,73,164120073,044827787,26493,N,5,196,201912
20191007,20191004,73,164120073,044828691,26495,N,1,197,201912
20191007,20191004,73,164120073,044828720,26496,N,1,198,201912
20191007,20191004,73,164120073,044837708,26498,N,10,199,201912
20191007,20191004,73,164120073,044837762,26500,N,11,200,201912
20191007,20191004,73,164120073,044837764,26500,N,1,201,201912
20191007,20191004,73,164120073,044921789,26500,N,12,202,201912
20191007,20191004,73,164120073,045001135,26510,N,12,203,201912
20191007,20191004,73,164120073,045041448,26500,N,1,204,201912
20191007,20191004,73,164120073,045134336,26490,N,1,205,201912
20191007,20191004,73,164120073,045500127,26500,N,2,206,201912
20191007,20191004,73,164120073,045616138,26519,N,1,207,201912
20191007,20191004,73,164120073,045616158,26520,N,10,208,201912
20191007,20191004,73,164120073,045616209,26520,N,3,209,201912
20191007,20191004,73,164120073,050029151,26493,N,1,210,201912
20191007,20191004,73,164120073,050211293,26495,N,1,211,201912
20191007,20191004,73,164120073,050513957,26501,N,1,212,201912
