Trade_Date,Make_Date,Index_Type,Security_Code,Time,Trade_Price,Price_Type,Trade_Volume,No,Contract_Month
20200401,20200331,73,165060073,163001045,21701,O,1,1,202006
20200401,20200331,73,165060073,163959546,21751,N,1,2,202006
20200401,20200331,73,165060073,163959546,21750,N,1,3,202006
20200401,20200331,73,165060073,164018837,21929,N,2,4,202006
20200401,20200331,73,165060073,164821276,21850,N,5,5,202006
20200401,20200331,73,165060073,164901881,21871,N,2,6,202006
20200401,20200331,73,165060073,165452132,21950,N,1,7,202006
20200401,20200331,73,165060073,170843808,21755,N,1,8,202006
20200401,20200331,73,165060073,172932059,21985,N,1,9,202006
20200401,20200331,73,165060073,172932059,21990,N,1,10,202006
20200401,20200331,73,165060073,172932073,21998,N,2,11,202006
20200401,20200331,73,165060073,184526071,21952,N,1,12,202006
20200401,20200331,73,165060073,184904282,21868,N,1,13,202006
20200401,20200331,73,165060073,190103988,21809,N,1,14,202006
20200401,20200331,73,165060073,191802188,21760,N,1,15,202006
20200401,20200331,73,165060073,193205064,21850,N,1,16,202006
20200401,20200331,73,165060073,193329672,21849,N,1,17,202006
20200401,20200331,73,165060073,193458006,21868,N,1,18,202006
20200401,20200331,73,165060073,193920350,21794,N,1,19,202006
20200401,20200331,73,165060073,195136961,21801,N,1,20,202006
20200401,20200331,73,165060073,195136961,21800,N,1,21,202006
20200401,20200331,73,165060073,200349249,21800,N,1,22,202006
20200401,20200331,73,165060073,201157647,21750,N,1,23,202006
20200401,20200331,73,165060073,204354574,21750,N,1,24,202006
20200401,20200331,73,165060073,204629493,21731,N,1,25,202006
20200401,20200331,73,165060073,204630471,21730,N,1,26,202006
20200401,20200331,73,165060073,210105767,21714,N,1,27,202006
20200401,20200331,73,165060073,210112660,21700,N,1,28,202006
20200401,20200331,73,165060073,210417774,21700,N,1,29,202006
20200401,20200331,73,165060073,210756183,21610,N,1,30,202006
20200401,20200331,73,165060073,211349683,21606,N,1,31,202006
20200401,20200331,73,165060073,211400639,21606,N,1,32,202006
20200401,20200331,73,165060073,212332385,21550,N,1,33,202006
20200401,20200331,73,165060073,212400768,21520,N,1,34,202006
20200401,20200331,73,165060073,213115775,21660,N,1,35,202006
20200401,20200331,73,165060073,213331206,21660,N,1,36,202006
20200401,20200331,73,165060073,213652657,21670,N,1,37,202006
20200401,20200331,73,165060073,220026708,21698,N,5,38,202006
20200401,20200331,73,165060073,220305866,21699,N,3,39,202006
20200401,20200331,73,165060073,220307335,21700,N,1,40,202006
20200401,20200331,73,165060073,220539386,21729,N,1,41,202006
20200401,20200331,73,165060073,220559087,21730,N,1,42,202006
20200401,20200331,73,165060073,223203200,21737,N,1,43,202006
20200401,20200331,73,165060073,224918606,21585,N,3,44,202006
20200401,20200331,73,165060073,225311383,21551,N,1,45,202006
20200401,20200331,73,165060073,225313294,21550,N,5,46,202006
20200401,20200331,73,165060073,225318311,21550,N,4,47,202006
20200401,20200331,73,165060073,225336253,21521,N,1,48,202006
20200401,20200331,73,165060073,230718005,21746,N,1,49,202006
20200401,20200331,73,165060073,230728416,21750,N,1,50,202006
20200401,20200331,73,165060073,230728416,21759,N,7,51,202006
20200401,20200331,73,165060073,231105000,21800,N,1,52,202006
20200401,20200331,73,165060073,231311521,21845,N,1,53,202006
20200401,20200331,73,165060073,231311522,21845,N,2,54,202006
20200401,20200331,73,165060073,231312293,21850,N,1,55,202006
20200401,20200331,73,165060073,231312293,21850,N,2,56,202006
20200401,20200331,73,165060073,231418814,21877,N,1,57,202006
20200401,20200331,73,165060073,231430935,21888,N,1,58,202006
20200401,20200331,73,165060073,231456568,21900,N,2,59,202006
20200401,20200331,73,165060073,231649746,21990,N,1,60,202006
20200401,20200331,73,165060073,231956635,22000,N,2,61,202006
20200401,20200331,73,165060073,231956639,22020,N,1,62,202006
20200401,20200331,73,165060073,232156160,22100,N,1,63,202006
20200401,20200331,73,165060073,232156163,22129,N,3,64,202006
20200401,20200331,73,165060073,232156164,22129,N,1,65,202006
20200401,20200331,73,165060073,232530606,22100,N,2,66,202006
20200401,20200331,73,165060073,232855346,21924,N,1,67,202006
20200401,20200331,73,165060073,232929769,21923,N,1,68,202006
20200401,20200331,73,165060073,233259975,21950,N,1,69,202006
20200401,20200331,73,165060073,233321248,21967,N,1,70,202006
20200401,20200331,73,165060073,233848860,21984,N,1,71,202006
20200401,20200331,73,165060073,233848860,22100,N,1,72,202006
20200401,20200331,73,165060073,233848860,22150,N,1,73,202006
20200401,20200331,73,165060073,234009043,22156,N,1,74,202006
20200401,20200331,73,165060073,000117382,21920,N,1,75,202006
20200401,20200331,73,165060073,000117382,21900,N,1,76,202006
20200401,20200331,73,165060073,000117382,21834,N,1,77,202006
20200401,20200331,73,165060073,000329805,21834,N,1,78,202006
20200401,20200331,73,165060073,000329805,21808,N,1,79,202006
20200401,20200331,73,165060073,000656118,21896,N,1,80,202006
20200401,20200331,73,165060073,000802279,22000,N,1,81,202006
20200401,20200331,73,165060073,001634514,21882,N,10,82,202006
20200401,20200331,73,165060073,001851188,21881,N,1,83,202006
20200401,20200331,73,165060073,001909236,21880,N,1,84,202006
20200401,20200331,73,165060073,002244989,21850,N,1,85,202006
20200401,20200331,73,165060073,002324554,21801,N,3,86,202006
20200401,20200331,73,165060073,002821267,21989,N,10,87,202006
20200401,20200331,73,165060073,003018171,21990,N,1,88,202006
20200401,20200331,73,165060073,003018171,21990,N,1,89,202006
20200401,20200331,73,165060073,003030660,21998,N,1,90,202006
20200401,20200331,73,165060073,003043145,21998,N,1,91,202006
20200401,20200331,73,165060073,003043146,21998,N,1,92,202006
20200401,20200331,73,165060073,003043216,21998,N,1,93,202006
20200401,20200331,73,165060073,003043256,21998,N,1,94,202006
20200401,20200331,73,165060073,003043256,22000,N,2,95,202006
20200401,20200331,73,165060073,003059552,21997,N,1,96,202006
20200401,20200331,73,165060073,003324024,22150,N,1,97,202006
20200401,20200331,73,165060073,003725005,21935,N,2,98,202006
20200401,20200331,73,165060073,003915868,21841,N,1,99,202006
20200401,20200331,73,165060073,004547287,21851,N,1,100,202006
20200401,20200331,73,165060073,005719219,21855,N,10,101,202006
20200401,20200331,73,165060073,010436431,21874,N,2,102,202006
20200401,20200331,73,165060073,010655198,21991,N,1,103,202006
20200401,20200331,73,165060073,011458283,21880,N,1,104,202006
20200401,20200331,73,165060073,011835953,21854,N,1,105,202006
20200401,20200331,73,165060073,012055818,21816,N,2,106,202006
20200401,20200331,73,165060073,013843023,21650,N,2,107,202006
20200401,20200331,73,165060073,013924762,21600,N,3,108,202006
20200401,20200331,73,165060073,015509789,21809,N,9,109,202006
20200401,20200331,73,165060073,033725308,21750,N,1,110,202006
20200401,20200331,73,165060073,041954876,21630,N,1,111,202006
20200401,20200331,73,165060073,042055135,21620,N,2,112,202006
20200401,20200331,73,165060073,042234201,21600,N,1,113,202006
20200401,20200331,73,165060073,042244977,21570,N,1,114,202006
20200401,20200331,73,165060073,042244977,21555,N,1,115,202006
20200401,20200331,73,165060073,042453524,21555,N,1,116,202006
20200401,20200331,73,165060073,044956081,21550,N,2,117,202006
20200401,20200331,73,165060073,045926143,21550,N,1,118,202006
20200401,20200331,73,165060073,050458842,21520,N,1,119,202006
20200401,20200331,73,165060073,050458842,21500,N,2,120,202006
20200401,20200331,73,165060073,050744940,21481,N,10,121,202006
20200401,20200331,73,165060073,050744940,21480,N,1,122,202006
20200401,20200331,73,165060073,050900618,21451,N,1,123,202006
20200401,20200331,73,165060073,050900618,21410,N,1,124,202006
20200401,20200331,73,165060073,050900622,21310,N,1,125,202006
20200401,20200331,73,165060073,050900622,21300,E,1,126,202006
20200401,20200401,73,165060073,084501051,21289,O,4,127,202006
20200401,20200401,73,165060073,084557582,21251,N,1,128,202006
20200401,20200401,73,165060073,084557582,21250,N,1,129,202006
20200401,20200401,73,165060073,084620434,21250,N,1,130,202006
20200401,20200401,73,165060073,084625681,21250,N,1,131,202006
20200401,20200401,73,165060073,085154838,21300,N,1,132,202006
20200401,20200401,73,165060073,085604343,21300,N,1,133,202006
20200401,20200401,73,165060073,085818311,21300,N,1,134,202006
20200401,20200401,73,165060073,090219040,21275,N,1,135,202006
20200401,20200401,73,165060073,090400547,21300,N,1,136,202006
20200401,20200401,73,165060073,090717452,21250,N,1,137,202006
20200401,20200401,73,165060073,091015913,21221,N,1,138,202006
20200401,20200401,73,165060073,091044094,21281,N,7,139,202006
20200401,20200401,73,165060073,091052949,21211,N,1,140,202006
20200401,20200401,73,165060073,091232768,21211,N,4,141,202006
20200401,20200401,73,165060073,093828005,21349,N,1,142,202006
20200401,20200401,73,165060073,101248458,21364,N,1,143,202006
20200401,20200401,73,165060073,101355584,21305,N,1,144,202006
20200401,20200401,73,165060073,101501590,21300,N,1,145,202006
20200401,20200401,73,165060073,102414452,21490,N,1,146,202006
20200401,20200401,73,165060073,103214167,21300,N,2,147,202006
20200401,20200401,73,165060073,104015662,21285,N,1,148,202006
20200401,20200401,73,165060073,113502637,21300,N,3,149,202006
20200401,20200401,73,165060073,120236074,21290,N,3,150,202006
20200401,20200401,73,165060073,122532522,21310,N,1,151,202006
20200401,20200401,73,165060073,123821379,21300,N,1,152,202006
20200401,20200401,73,165060073,125422355,21250,N,1,153,202006
20200401,20200401,73,165060073,125647121,21201,N,1,154,202006
20200401,20200401,73,165060073,125838833,21200,N,1,155,202006
20200401,20200401,73,165060073,125851556,21200,N,1,156,202006
20200401,20200401,73,165060073,130510210,21200,N,2,157,202006
20200401,20200401,73,165060073,131511079,21178,N,1,158,202006
20200401,20200401,73,165060073,132128158,21170,N,1,159,202006
20200401,20200401,73,165060073,132300765,21151,N,1,160,202006
20200401,20200401,73,165060073,132610030,21131,N,1,161,202006
20200401,20200401,73,165060073,132646807,21102,N,3,162,202006
20200401,20200401,73,165060073,134555122,21102,N,1,163,202006
20200401,20200401,73,165060073,141349218,21160,N,1,164,202006
20200401,20200401,73,165060073,141704485,21102,N,3,165,202006
20200401,20200401,73,165060073,141742924,21111,N,3,166,202006
20200401,20200401,73,165060073,142144268,21102,N,1,167,202006
20200401,20200401,73,165060073,142146598,21102,N,5,168,202006
20200401,20200401,73,165060073,142346405,21101,N,3,169,202006
20200401,20200401,73,165060073,142346405,21100,N,4,170,202006
20200401,20200401,73,165060073,142430854,21100,N,5,171,202006
20200401,20200401,73,165060073,142510897,21100,N,1,172,202006
20200401,20200401,73,165060073,143252400,21050,N,5,173,202006
20200401,20200401,73,165060073,143256878,21050,N,1,174,202006
20200401,20200401,73,165060073,143507605,21021,N,1,175,202006
20200401,20200401,73,165060073,143757871,21020,N,1,176,202006
20200401,20200401,73,165060073,143831611,21010,N,1,177,202006
20200401,20200401,73,165060073,143833637,21060,N,1,178,202006
20200401,20200401,73,165060073,143844983,21000,N,2,179,202006
20200401,20200401,73,165060073,143912487,21000,N,3,180,202006
20200401,20200401,73,165060073,143916818,20983,N,10,181,202006
20200401,20200401,73,165060073,143921847,20983,N,4,182,202006
20200401,20200401,73,165060073,143950234,20950,N,1,183,202006
20200401,20200401,73,165060073,143953897,20950,N,1,184,202006
20200401,20200401,73,165060073,144004505,20950,N,4,185,202006
20200401,20200401,73,165060073,144009131,20901,N,1,186,202006
20200401,20200401,73,165060073,144009131,20900,N,1,187,202006
20200401,20200401,73,165060073,144009131,20800,N,1,188,202006
20200401,20200401,73,165060073,144037876,20801,N,1,189,202006
20200401,20200401,73,165060073,144058883,20801,N,6,190,202006
20200401,20200401,73,165060073,144251885,20805,N,1,191,202006
20200401,20200401,73,165060073,144329113,20800,N,2,192,202006
20200401,20200401,73,165060073,144509556,20805,N,5,193,202006
20200401,20200401,73,165060073,144553983,20879,N,1,194,202006
20200401,20200401,73,165060073,144637957,20800,N,2,195,202006
20200401,20200401,73,165060073,144838660,20850,N,1,196,202006
20200401,20200401,73,165060073,144838665,20850,N,1,197,202006
20200401,20200401,73,165060073,144838686,20850,N,1,198,202006
20200401,20200401,73,165060073,144838706,20850,N,1,199,202006
20200401,20200401,73,165060073,144843727,20850,N,1,200,202006
20200401,20200401,73,165060073,144854571,20900,N,1,201,202006
20200401,20200401,73,165060073,144946681,20899,N,1,202,202006
20200401,20200401,73,165060073,145347246,20899,N,3,203,202006
20200401,20200401,73,165060073,145539868,20850,N,1,204,202006
20200401,20200401,73,165060073,145844432,20850,N,7,205,202006
20200401,20200401,73,165060073,150345364,20750,N,5,206,202006
20200401,20200401,73,165060073,150810835,20750,N,3,207,202006
20200401,20200401,73,165060073,151000794,20750,E,1,208,202006
20200401,20200401,73,165090073,143416006,20668,O,1,209,202009
20200401,20200401,73,165090073,150545138,20500,E,1,210,202009
20200401,20200401,73,165120073,150800005,20500,O,1,211,202012
20200401,20200401,73,166030073,150913005,20500,O,1,212,202103
20200402,20200401,73,165060073,163027787,20900,O,1,1,202006
20200402,20200401,73,165060073,163300506,20900,N,2,2,202006
20200402,20200401,73,165060073,163522522,20896,N,1,3,202006
20200402,20200401,73,165060073,164620736,20883,N,1,4,202006
20200402,20200401,73,165060073,164716180,20883,N,1,5,202006
20200402,20200401,73,165060073,171001558,20883,N,1,6,202006
20200402,20200401,73,165060073,175507398,20750,N,1,7,202006
20200402,20200401,73,165060073,175507398,20701,N,1,8,202006
20200402,20200401,73,165060073,175507401,20701,N,2,9,202006
20200402,20200401,73,165060073,175602258,20706,N,5,10,202006
20200402,20200401,73,165060073,175836066,20779,N,8,11,202006
20200402,20200401,73,165060073,175842753,20800,N,1,12,202006
20200402,20200401,73,165060073,175842762,20801,N,4,13,202006
20200402,20200401,73,165060073,180111467,20799,N,9,14,202006
20200402,20200401,73,165060073,181034557,20850,N,1,15,202006
20200402,20200401,73,165060073,181901149,20864,N,1,16,202006
20200402,20200401,73,165060073,183618364,20711,N,1,17,202006
20200402,20200401,73,165060073,184304733,20751,N,3,18,202006
20200402,20200401,73,165060073,190632180,20879,N,1,19,202006
20200402,20200401,73,165060073,190632180,20880,N,4,20,202006
20200402,20200401,73,165060073,190648782,20880,N,6,21,202006
20200402,20200401,73,165060073,190856393,20900,N,1,22,202006
20200402,20200401,73,165060073,192119748,20805,N,1,23,202006
20200402,20200401,73,165060073,192406159,20760,N,1,24,202006
20200402,20200401,73,165060073,192406189,20755,N,2,25,202006
20200402,20200401,73,165060073,192417866,20751,N,2,26,202006
20200402,20200401,73,165060073,192419574,20750,N,2,27,202006
20200402,20200401,73,165060073,192419734,20740,N,1,28,202006
20200402,20200401,73,165060073,194220544,20742,N,1,29,202006
20200402,20200401,73,165060073,194229120,20704,N,2,30,202006
20200402,20200401,73,165060073,194950890,20750,N,1,31,202006
20200402,20200401,73,165060073,194952666,20750,N,1,32,202006
20200402,20200401,73,165060073,194952666,20773,N,1,33,202006
20200402,20200401,73,165060073,194952725,20773,N,1,34,202006
20200402,20200401,73,165060073,195311196,20770,N,1,35,202006
20200402,20200401,73,165060073,195408197,20770,N,1,36,202006
20200402,20200401,73,165060073,195449484,20770,N,1,37,202006
20200402,20200401,73,165060073,201237566,20705,N,1,38,202006
20200402,20200401,73,165060073,201705099,20703,N,1,39,202006
20200402,20200401,73,165060073,201705099,20702,N,1,40,202006
20200402,20200401,73,165060073,202100958,20700,N,3,41,202006
20200402,20200401,73,165060073,202119334,20700,N,1,42,202006
20200402,20200401,73,165060073,203314827,20750,N,4,43,202006
20200402,20200401,73,165060073,211230532,20699,N,1,44,202006
20200402,20200401,73,165060073,211450344,20610,N,1,45,202006
20200402,20200401,73,165060073,211453525,20610,N,1,46,202006
20200402,20200401,73,165060073,211453525,20606,N,5,47,202006
20200402,20200401,73,165060073,212158006,20797,N,1,48,202006
20200402,20200401,73,165060073,212733881,20773,N,1,49,202006
20200402,20200401,73,165060073,213703722,20601,N,1,50,202006
20200402,20200401,73,165060073,213745137,20601,N,1,51,202006
20200402,20200401,73,165060073,214411594,20770,N,1,52,202006
20200402,20200401,73,165060073,214548635,20770,N,1,53,202006
20200402,20200401,73,165060073,220158706,20770,N,1,54,202006
20200402,20200401,73,165060073,221018833,20770,N,1,55,202006
20200402,20200401,73,165060073,223041274,20600,N,1,56,202006
20200402,20200401,73,165060073,223158939,20600,N,3,57,202006
20200402,20200401,73,165060073,223601992,20601,N,5,58,202006
20200402,20200401,73,165060073,223717659,20769,N,1,59,202006
20200402,20200401,73,165060073,223717659,20770,N,4,60,202006
20200402,20200401,73,165060073,223718647,20770,N,5,61,202006
20200402,20200401,73,165060073,223722979,20790,N,1,62,202006
20200402,20200401,73,165060073,223722979,20790,N,4,63,202006
20200402,20200401,73,165060073,223725906,20800,N,1,64,202006
20200402,20200401,73,165060073,223725907,20800,N,3,65,202006
20200402,20200401,73,165060073,223725963,20800,N,3,66,202006
20200402,20200401,73,165060073,223727621,20880,N,1,67,202006
20200402,20200401,73,165060073,223727622,20880,N,1,68,202006
20200402,20200401,73,165060073,223855122,20850,N,1,69,202006
20200402,20200401,73,165060073,223855122,20879,N,1,70,202006
20200402,20200401,73,165060073,223928332,20880,N,5,71,202006
20200402,20200401,73,165060073,224011245,20879,N,1,72,202006
20200402,20200401,73,165060073,224154436,20878,N,1,73,202006
20200402,20200401,73,165060073,224414841,20830,N,1,74,202006
20200402,20200401,73,165060073,224414841,20865,N,1,75,202006
20200402,20200401,73,165060073,224414841,20866,N,1,76,202006
20200402,20200401,73,165060073,224414841,20877,N,1,77,202006
20200402,20200401,73,165060073,224501037,20830,N,1,78,202006
20200402,20200401,73,165060073,224621373,20723,N,1,79,202006
20200402,20200401,73,165060073,225354949,20839,N,1,80,202006
20200402,20200401,73,165060073,225742685,20769,N,1,81,202006
20200402,20200401,73,165060073,225742685,20750,N,1,82,202006
20200402,20200401,73,165060073,225917973,20703,N,10,83,202006
20200402,20200401,73,165060073,225918097,20703,N,14,84,202006
20200402,20200401,73,165060073,225918097,20745,N,2,85,202006
20200402,20200401,73,165060073,230122544,20702,N,1,86,202006
20200402,20200401,73,165060073,230329540,20799,N,5,87,202006
20200402,20200401,73,165060073,230552968,20702,N,1,88,202006
20200402,20200401,73,165060073,230552969,20711,N,3,89,202006
20200402,20200401,73,165060073,230553033,20711,N,3,90,202006
20200402,20200401,73,165060073,230734994,20792,N,1,91,202006
20200402,20200401,73,165060073,230750738,20796,N,1,92,202006
20200402,20200401,73,165060073,230836649,20839,N,1,93,202006
20200402,20200401,73,165060073,230836896,20840,N,1,94,202006
20200402,20200401,73,165060073,231426881,20854,N,1,95,202006
20200402,20200401,73,165060073,231507061,20855,N,1,96,202006
20200402,20200401,73,165060073,231507787,20860,N,2,97,202006
20200402,20200401,73,165060073,231521849,20879,N,2,98,202006
20200402,20200401,73,165060073,231521849,20880,N,13,99,202006
20200402,20200401,73,165060073,232112433,20880,N,5,100,202006
20200402,20200401,73,165060073,232112557,20880,N,5,101,202006
20200402,20200401,73,165060073,232550526,20880,N,5,102,202006
20200402,20200401,73,165060073,233308573,20880,N,1,103,202006
20200402,20200401,73,165060073,235342486,20875,N,1,104,202006
20200402,20200401,73,165060073,235435199,20950,N,1,105,202006
20200402,20200401,73,165060073,235435199,20998,N,1,106,202006
20200402,20200401,73,165060073,235435199,20999,N,2,107,202006
20200402,20200401,73,165060073,235435199,21000,N,1,108,202006
20200402,20200401,73,165060073,235436555,21000,N,1,109,202006
20200402,20200401,73,165060073,235436965,21134,N,1,110,202006
20200402,20200401,73,165060073,235733641,21113,N,1,111,202006
20200402,20200401,73,165060073,000606105,21100,N,1,112,202006
20200402,20200401,73,165060073,000854659,21112,N,1,113,202006
20200402,20200401,73,165060073,000952749,21113,N,1,114,202006
20200402,20200401,73,165060073,002051732,21119,N,1,115,202006
20200402,20200401,73,165060073,002605943,21032,N,1,116,202006
20200402,20200401,73,165060073,002628217,21000,N,1,117,202006
20200402,20200401,73,165060073,002725971,20901,N,1,118,202006
20200402,20200401,73,165060073,002821274,20995,N,1,119,202006
20200402,20200401,73,165060073,003627022,20995,N,2,120,202006
20200402,20200401,73,165060073,005408937,20934,N,1,121,202006
20200402,20200401,73,165060073,010001294,20870,N,1,122,202006
20200402,20200401,73,165060073,010019519,20871,N,5,123,202006
20200402,20200401,73,165060073,010101711,20868,N,1,124,202006
20200402,20200401,73,165060073,010137176,20869,N,2,125,202006
20200402,20200401,73,165060073,010144428,20870,N,2,126,202006
20200402,20200401,73,165060073,010248316,20845,N,1,127,202006
20200402,20200401,73,165060073,010248319,20841,N,1,128,202006
20200402,20200401,73,165060073,010430693,20835,N,1,129,202006
20200402,20200401,73,165060073,011326856,20811,N,2,130,202006
20200402,20200401,73,165060073,011726205,20811,N,1,131,202006
20200402,20200401,73,165060073,011733340,20811,N,5,132,202006
20200402,20200401,73,165060073,011938133,20810,N,2,133,202006
20200402,20200401,73,165060073,013812155,20750,N,1,134,202006
20200402,20200401,73,165060073,014228384,20701,N,1,135,202006
20200402,20200401,73,165060073,014228610,20698,N,1,136,202006
20200402,20200401,73,165060073,015420031,20681,N,1,137,202006
20200402,20200401,73,165060073,015529683,20682,N,1,138,202006
20200402,20200401,73,165060073,022646100,20750,N,1,139,202006
20200402,20200401,73,165060073,022926274,20750,N,1,140,202006
20200402,20200401,73,165060073,024345649,20750,N,1,141,202006
20200402,20200401,73,165060073,024419074,20780,N,1,142,202006
20200402,20200401,73,165060073,025205170,20780,N,1,143,202006
20200402,20200401,73,165060073,025414793,20820,N,1,144,202006
20200402,20200401,73,165060073,025451117,20820,N,1,145,202006
20200402,20200401,73,165060073,030616921,20850,N,1,146,202006
20200402,20200401,73,165060073,032147897,20780,N,1,147,202006
20200402,20200401,73,165060073,032327935,20800,N,1,148,202006
20200402,20200401,73,165060073,035150800,20622,N,1,149,202006
20200402,20200401,73,165060073,035256031,20759,N,1,150,202006
20200402,20200401,73,165060073,035540623,20728,N,1,151,202006
20200402,20200401,73,165060073,041102145,20621,N,1,152,202006
20200402,20200401,73,165060073,042409347,20611,N,2,153,202006
20200402,20200401,73,165060073,042415097,20611,N,1,154,202006
20200402,20200401,73,165060073,042432820,20601,N,1,155,202006
20200402,20200401,73,165060073,043157910,20601,N,1,156,202006
20200402,20200401,73,165060073,043853406,20550,N,5,157,202006
20200402,20200401,73,165060073,043858422,20550,N,1,158,202006
20200402,20200401,73,165060073,043952059,20520,N,1,159,202006
20200402,20200401,73,165060073,044013321,20510,N,1,160,202006
20200402,20200401,73,165060073,044328721,20500,N,3,161,202006
20200402,20200401,73,165060073,044328726,20380,N,1,162,202006
20200402,20200401,73,165060073,044328849,20325,N,1,163,202006
20200402,20200401,73,165060073,044328857,20450,N,3,164,202006
20200402,20200401,73,165060073,044329100,20290,N,1,165,202006
20200402,20200401,73,165060073,044329117,20290,N,1,166,202006
20200402,20200401,73,165060073,044329117,20200,N,1,167,202006
20200402,20200401,73,165060073,044914005,20600,N,2,168,202006
20200402,20200401,73,165060073,045959316,20760,N,1,169,202006
20200402,20200401,73,165060073,051721733,20699,N,1,170,202006
20200402,20200401,73,165060073,051818265,20698,N,1,171,202006
20200402,20200401,73,165060073,051818265,20710,N,1,172,202006
20200402,20200401,73,165060073,051903546,20700,N,1,173,202006
20200402,20200401,73,165060073,051916029,20699,N,1,174,202006
20200402,20200401,73,165060073,051916029,20709,N,1,175,202006
20200402,20200401,73,165060073,051916029,20719,N,1,176,202006
20200402,20200401,73,165060073,052151006,20508,N,1,177,202006
20200402,20200401,73,165060073,053001020,20698,E,1,178,202006
20200402,20200402,73,165060073,084501051,20730,O,4,179,202006
20200402,20200402,73,165060073,084516635,20702,N,6,180,202006
20200402,20200402,73,165060073,084626345,20701,N,1,181,202006
20200402,20200402,73,165060073,084749478,20671,N,1,182,202006
20200402,20200402,73,165060073,084912818,20680,N,1,183,202006
20200402,20200402,73,165060073,085501216,20750,N,1,184,202006
20200402,20200402,73,165060073,085509473,20785,N,1,185,202006
20200402,20200402,73,165060073,090528581,20785,N,5,186,202006
20200402,20200402,73,165060073,090535562,20784,N,5,187,202006
20200402,20200402,73,165060073,091218516,20767,N,1,188,202006
20200402,20200402,73,165060073,091244039,20772,N,1,189,202006
20200402,20200402,73,165060073,091246418,20767,N,1,190,202006
20200402,20200402,73,165060073,091339629,20785,N,1,191,202006
20200402,20200402,73,165060073,091340417,20781,N,1,192,202006
20200402,20200402,73,165060073,091405810,20785,N,1,193,202006
20200402,20200402,73,165060073,091407478,20782,N,1,194,202006
20200402,20200402,73,165060073,091414982,20785,N,1,195,202006
20200402,20200402,73,165060073,091418695,20783,N,1,196,202006
20200402,20200402,73,165060073,091420506,20774,N,1,197,202006
20200402,20200402,73,165060073,091522309,20799,N,1,198,202006
20200402,20200402,73,165060073,091530426,20781,N,1,199,202006
20200402,20200402,73,165060073,091533739,20777,N,1,200,202006
20200402,20200402,73,165060073,091537116,20773,N,1,201,202006
20200402,20200402,73,165060073,091538723,20767,N,1,202,202006
20200402,20200402,73,165060073,091538723,20766,N,2,203,202006
20200402,20200402,73,165060073,091612093,20781,N,1,204,202006
20200402,20200402,73,165060073,091618234,20778,N,1,205,202006
20200402,20200402,73,165060073,091625142,20775,N,1,206,202006
20200402,20200402,73,165060073,091646846,20774,N,1,207,202006
20200402,20200402,73,165060073,091704022,20776,N,1,208,202006
20200402,20200402,73,165060073,091706624,20755,N,1,209,202006
20200402,20200402,73,165060073,093007551,20768,N,1,210,202006
20200402,20200402,73,165060073,093335232,20772,N,1,211,202006
20200402,20200402,73,165060073,093338145,20766,N,1,212,202006
20200402,20200402,73,165060073,093903790,20764,N,1,213,202006
20200402,20200402,73,165060073,095815448,20730,N,1,214,202006
20200402,20200402,73,165060073,100322880,20722,N,1,215,202006
20200402,20200402,73,165060073,100604501,20701,N,1,216,202006
20200402,20200402,73,165060073,100924785,20700,N,5,217,202006
20200402,20200402,73,165060073,100932854,20700,N,5,218,202006
20200402,20200402,73,165060073,101849573,20605,N,1,219,202006
20200402,20200402,73,165060073,102019240,20700,N,1,220,202006
20200402,20200402,73,165060073,103338443,20720,N,2,221,202006
20200402,20200402,73,165060073,104706810,20743,N,1,222,202006
20200402,20200402,73,165060073,104710388,20740,N,1,223,202006
20200402,20200402,73,165060073,104735195,20744,N,1,224,202006
20200402,20200402,73,165060073,104736166,20748,N,1,225,202006
20200402,20200402,73,165060073,104936684,20742,N,1,226,202006
20200402,20200402,73,165060073,104945129,20742,N,1,227,202006
20200402,20200402,73,165060073,104947101,20740,N,1,228,202006
20200402,20200402,73,165060073,105145638,20769,N,1,229,202006
20200402,20200402,73,165060073,105155342,20767,N,1,230,202006
20200402,20200402,73,165060073,105214491,20760,N,1,231,202006
20200402,20200402,73,165060073,105418800,20753,N,1,232,202006
20200402,20200402,73,165060073,105420088,20760,N,1,233,202006
20200402,20200402,73,165060073,105447432,20756,N,1,234,202006
20200402,20200402,73,165060073,105535733,20772,N,1,235,202006
20200402,20200402,73,165060073,105548398,20775,N,1,236,202006
20200402,20200402,73,165060073,105555283,20771,N,1,237,202006
20200402,20200402,73,165060073,105602088,20766,N,1,238,202006
20200402,20200402,73,165060073,105613970,20763,N,1,239,202006
20200402,20200402,73,165060073,105614898,20763,N,1,240,202006
20200402,20200402,73,165060073,110137981,20764,N,1,241,202006
20200402,20200402,73,165060073,111515288,20817,N,1,242,202006
20200402,20200402,73,165060073,113350195,20800,N,1,243,202006
20200402,20200402,73,165060073,115153191,20824,N,1,244,202006
20200402,20200402,73,165060073,120112980,20802,N,2,245,202006
20200402,20200402,73,165060073,121420562,20848,N,1,246,202006
20200402,20200402,73,165060073,121420562,20832,N,2,247,202006
20200402,20200402,73,165060073,122907451,20831,N,3,248,202006
20200402,20200402,73,165060073,123427164,20895,N,2,249,202006
20200402,20200402,73,165060073,123429094,20895,N,2,250,202006
20200402,20200402,73,165060073,123459642,20895,N,4,251,202006
20200402,20200402,73,165060073,123505970,20895,N,1,252,202006
20200402,20200402,73,165060073,123745643,20895,N,4,253,202006
20200402,20200402,73,165060073,124409220,20895,N,1,254,202006
20200402,20200402,73,165060073,124525178,20895,N,4,255,202006
20200402,20200402,73,165060073,124535110,20895,N,4,256,202006
20200402,20200402,73,165060073,124536648,20895,N,1,257,202006
20200402,20200402,73,165060073,124543080,20895,N,1,258,202006
20200402,20200402,73,165060073,124549908,20900,N,1,259,202006
20200402,20200402,73,165060073,125419088,20845,N,5,260,202006
20200402,20200402,73,165060073,125424387,20845,N,5,261,202006
20200402,20200402,73,165060073,130249163,20841,N,1,262,202006
20200402,20200402,73,165060073,130337387,20845,N,5,263,202006
20200402,20200402,73,165060073,130337399,20845,N,1,264,202006
20200402,20200402,73,165060073,130337399,20845,N,3,265,202006
20200402,20200402,73,165060073,130705215,20800,N,2,266,202006
20200402,20200402,73,165060073,142027730,20660,N,1,267,202006
20200402,20200402,73,165060073,142617830,20611,N,1,268,202006
20200402,20200402,73,165060073,142736801,20610,N,1,269,202006
20200402,20200402,73,165060073,143338984,20680,N,1,270,202006
20200402,20200402,73,165060073,143419756,20699,N,2,271,202006
20200402,20200402,73,165060073,145356125,20729,N,1,272,202006
20200402,20200402,73,165060073,150946631,20780,E,1,273,202006
20200403,20200402,73,165060073,163001045,20849,O,1,1,202006
20200403,20200402,73,165060073,163009465,20850,N,1,2,202006
20200403,20200402,73,165060073,163502131,20800,N,1,3,202006
20200403,20200402,73,165060073,172826288,20954,N,1,4,202006
20200403,20200402,73,165060073,174407033,20953,N,1,5,202006
20200403,20200402,73,165060073,175213392,20900,N,1,6,202006
20200403,20200402,73,165060073,175522144,20831,N,1,7,202006
20200403,20200402,73,165060073,181453400,20830,N,1,8,202006
20200403,20200402,73,165060073,181616630,20925,N,4,9,202006
20200403,20200402,73,165060073,181616689,20925,N,2,10,202006
20200403,20200402,73,165060073,181616689,20925,N,2,11,202006
20200403,20200402,73,165060073,181814117,20925,N,1,12,202006
20200403,20200402,73,165060073,182030671,20925,N,1,13,202006
20200403,20200402,73,165060073,182824454,20953,N,2,14,202006
20200403,20200402,73,165060073,184748061,20950,N,1,15,202006
20200403,20200402,73,165060073,200338290,20900,N,1,16,202006
20200403,20200402,73,165060073,201529610,20929,N,4,17,202006
20200403,20200402,73,165060073,203316627,20860,N,1,18,202006
20200403,20200402,73,165060073,205631387,20862,N,1,19,202006
20200403,20200402,73,165060073,205850374,20924,N,1,20,202006
20200403,20200402,73,165060073,205924569,20930,N,1,21,202006
20200403,20200402,73,165060073,205924573,20933,N,1,22,202006
20200403,20200402,73,165060073,205951948,20950,N,1,23,202006
20200403,20200402,73,165060073,210257675,20952,N,5,24,202006
20200403,20200402,73,165060073,211859634,20810,N,1,25,202006
20200403,20200402,73,165060073,211859634,20805,N,1,26,202006
20200403,20200402,73,165060073,211859634,20801,N,1,27,202006
20200403,20200402,73,165060073,211859634,20800,N,1,28,202006
20200403,20200402,73,165060073,211931967,20788,N,1,29,202006
20200403,20200402,73,165060073,211931967,20781,N,3,30,202006
20200403,20200402,73,165060073,212504888,20770,N,1,31,202006
20200403,20200402,73,165060073,213005885,20751,N,1,32,202006
20200403,20200402,73,165060073,213006536,20731,N,1,33,202006
20200403,20200402,73,165060073,213344770,20848,N,1,34,202006
20200403,20200402,73,165060073,213514621,20651,N,1,35,202006
20200403,20200402,73,165060073,214049416,20502,N,1,36,202006
20200403,20200402,73,165060073,214049702,20500,N,1,37,202006
20200403,20200402,73,165060073,214130589,20499,N,1,38,202006
20200403,20200402,73,165060073,214130589,20500,N,1,39,202006
20200403,20200402,73,165060073,214130603,20500,N,1,40,202006
20200403,20200402,73,165060073,214130682,20500,N,1,41,202006
20200403,20200402,73,165060073,214508236,20500,N,1,42,202006
20200403,20200402,73,165060073,214549739,20650,N,1,43,202006
20200403,20200402,73,165060073,214743485,20501,N,1,44,202006
20200403,20200402,73,165060073,215347583,20537,N,1,45,202006
20200403,20200402,73,165060073,220000550,20600,N,1,46,202006
20200403,20200402,73,165060073,220239773,20511,N,1,47,202006
20200403,20200402,73,165060073,220546144,20510,N,1,48,202006
20200403,20200402,73,165060073,220708327,20520,N,2,49,202006
20200403,20200402,73,165060073,220708327,20561,N,1,50,202006
20200403,20200402,73,165060073,220726175,20500,N,1,51,202006
20200403,20200402,73,165060073,220909919,20410,N,1,52,202006
20200403,20200402,73,165060073,221115190,20351,N,10,53,202006
20200403,20200402,73,165060073,221255643,20250,N,1,54,202006
20200403,20200402,73,165060073,221332744,20202,N,1,55,202006
20200403,20200402,73,165060073,221427695,20202,N,1,56,202006
20200403,20200402,73,165060073,221434890,20202,N,3,57,202006
20200403,20200402,73,165060073,221434890,20201,N,1,58,202006
20200403,20200402,73,165060073,221434890,20200,N,1,59,202006
20200403,20200402,73,165060073,221457924,20245,N,5,60,202006
20200403,20200402,73,165060073,221459611,20246,N,1,61,202006
20200403,20200402,73,165060073,221459611,20246,N,4,62,202006
20200403,20200402,73,165060073,221609789,20300,N,1,63,202006
20200403,20200402,73,165060073,221609790,20300,N,3,64,202006
20200403,20200402,73,165060073,222039900,20341,N,1,65,202006
20200403,20200402,73,165060073,222039900,20341,N,3,66,202006
20200403,20200402,73,165060073,222039900,20366,N,1,67,202006
20200403,20200402,73,165060073,222108810,20366,N,1,68,202006
20200403,20200402,73,165060073,222156438,20350,N,1,69,202006
20200403,20200402,73,165060073,222333460,20350,N,1,70,202006
20200403,20200402,73,165060073,222418510,20350,N,1,71,202006
20200403,20200402,73,165060073,222434366,20500,N,1,72,202006
20200403,20200402,73,165060073,222928989,20494,N,1,73,202006
20200403,20200402,73,165060073,223040134,20490,N,1,74,202006
20200403,20200402,73,165060073,223135806,20555,N,1,75,202006
20200403,20200402,73,165060073,223156007,20555,N,1,76,202006
20200403,20200402,73,165060073,223422254,20590,N,1,77,202006
20200403,20200402,73,165060073,223423885,20600,N,1,78,202006
20200403,20200402,73,165060073,223456266,20729,N,1,79,202006
20200403,20200402,73,165060073,223522494,20727,N,1,80,202006
20200403,20200402,73,165060073,223542452,20727,N,4,81,202006
20200403,20200402,73,165060073,224327322,20525,N,1,82,202006
20200403,20200402,73,165060073,224428624,20575,N,2,83,202006
20200403,20200402,73,165060073,224428905,20490,N,1,84,202006
20200403,20200402,73,165060073,224429179,20488,N,1,85,202006
20200403,20200402,73,165060073,224432418,20450,N,2,86,202006
20200403,20200402,73,165060073,224604060,20311,N,1,87,202006
20200403,20200402,73,165060073,225654659,20359,N,1,88,202006
20200403,20200402,73,165060073,225810604,20499,N,1,89,202006
20200403,20200402,73,165060073,225826342,20530,N,1,90,202006
20200403,20200402,73,165060073,230006168,20555,N,1,91,202006
20200403,20200402,73,165060073,230006208,20555,N,1,92,202006
20200403,20200402,73,165060073,230006253,20555,N,1,93,202006
20200403,20200402,73,165060073,230011271,20555,N,1,94,202006
20200403,20200402,73,165060073,230104120,20560,N,1,95,202006
20200403,20200402,73,165060073,230957954,20595,N,1,96,202006
20200403,20200402,73,165060073,231017480,20617,N,5,97,202006
20200403,20200402,73,165060073,231017480,20618,N,5,98,202006
20200403,20200402,73,165060073,231017484,20670,N,1,99,202006
20200403,20200402,73,165060073,231941427,20666,N,1,100,202006
20200403,20200402,73,165060073,231941754,20670,N,1,101,202006
20200403,20200402,73,165060073,232046279,20699,N,1,102,202006
20200403,20200402,73,165060073,232046403,20700,N,4,103,202006
20200403,20200402,73,165060073,232317020,20714,N,1,104,202006
20200403,20200402,73,165060073,232317020,20750,N,2,105,202006
20200403,20200402,73,165060073,232611907,20700,N,1,106,202006
20200403,20200402,73,165060073,232935454,20700,N,1,107,202006
20200403,20200402,73,165060073,233046574,20800,N,4,108,202006
20200403,20200402,73,165060073,233159208,20870,N,1,109,202006
20200403,20200402,73,165060073,233350850,20888,N,1,110,202006
20200403,20200402,73,165060073,233409719,20888,N,1,111,202006
20200403,20200402,73,165060073,233450286,20888,N,1,112,202006
20200403,20200402,73,165060073,233510738,20888,N,1,113,202006
20200403,20200402,73,165060073,233520438,20953,N,1,114,202006
20200403,20200402,73,165060073,233548783,20953,N,1,115,202006
20200403,20200402,73,165060073,233557180,21000,N,1,116,202006
20200403,20200402,73,165060073,233557183,21010,N,1,117,202006
20200403,20200402,73,165060073,233557183,21100,N,2,118,202006
20200403,20200402,73,165060073,233706874,21050,N,1,119,202006
20200403,20200402,73,165060073,233926823,21070,N,1,120,202006
20200403,20200402,73,165060073,234009102,21100,N,1,121,202006
20200403,20200402,73,165060073,234024268,21099,N,1,122,202006
20200403,20200402,73,165060073,234031402,21100,N,1,123,202006
20200403,20200402,73,165060073,234034575,21099,N,1,124,202006
20200403,20200402,73,165060073,234132007,21022,N,2,125,202006
20200403,20200402,73,165060073,234340599,20930,N,2,126,202006
20200403,20200402,73,165060073,234704523,20999,N,4,127,202006
20200403,20200402,73,165060073,235017436,20900,N,1,128,202006
20200403,20200402,73,165060073,235248494,20900,N,2,129,202006
20200403,20200402,73,165060073,235328033,20850,N,1,130,202006
20200403,20200402,73,165060073,235328033,20822,N,1,131,202006
20200403,20200402,73,165060073,235631395,20950,N,1,132,202006
20200403,20200402,73,165060073,235754983,20997,N,2,133,202006
20200403,20200402,73,165060073,235940885,20998,N,1,134,202006
20200403,20200402,73,165060073,235941652,21000,N,1,135,202006
20200403,20200402,73,165060073,000239090,21000,N,1,136,202006
20200403,20200402,73,165060073,000733604,21034,N,1,137,202006
20200403,20200402,73,165060073,002630005,20798,N,2,138,202006
20200403,20200402,73,165060073,002807876,20751,N,5,139,202006
20200403,20200402,73,165060073,003118836,20919,N,1,140,202006
20200403,20200402,73,165060073,003209230,20824,N,10,141,202006
20200403,20200402,73,165060073,003820584,20819,N,10,142,202006
20200403,20200402,73,165060073,004019090,20815,N,1,143,202006
20200403,20200402,73,165060073,004020206,20820,N,5,144,202006
20200403,20200402,73,165060073,004025428,20820,N,5,145,202006
20200403,20200402,73,165060073,004300526,20894,N,10,146,202006
20200403,20200402,73,165060073,004458659,20850,N,1,147,202006
20200403,20200402,73,165060073,004706592,20900,N,1,148,202006
20200403,20200402,73,165060073,005612401,20930,N,1,149,202006
20200403,20200402,73,165060073,005634876,20950,N,5,150,202006
20200403,20200402,73,165060073,010519053,20950,N,1,151,202006
20200403,20200402,73,165060073,011049307,20980,N,1,152,202006
20200403,20200402,73,165060073,011800922,21010,N,1,153,202006
20200403,20200402,73,165060073,012428430,20980,N,1,154,202006
20200403,20200402,73,165060073,013152265,20925,N,1,155,202006
20200403,20200402,73,165060073,014939353,20955,N,1,156,202006
20200403,20200402,73,165060073,020004008,20950,N,1,157,202006
20200403,20200402,73,165060073,021026459,20888,N,1,158,202006
20200403,20200402,73,165060073,021059298,20852,N,1,159,202006
20200403,20200402,73,165060073,021634217,20800,N,1,160,202006
20200403,20200402,73,165060073,022004402,20750,N,1,161,202006
20200403,20200402,73,165060073,022904572,20750,N,1,162,202006
20200403,20200402,73,165060073,023513655,20700,N,1,163,202006
20200403,20200402,73,165060073,025920343,20750,N,2,164,202006
20200403,20200402,73,165060073,030823084,20650,N,5,165,202006
20200403,20200402,73,165060073,031620327,20650,N,1,166,202006
20200403,20200402,73,165060073,031945399,20553,N,1,167,202006
20200403,20200402,73,165060073,032000111,20550,N,1,168,202006
20200403,20200402,73,165060073,035352318,20750,N,3,169,202006
20200403,20200402,73,165060073,040006069,20850,N,1,170,202006
20200403,20200402,73,165060073,040444810,20814,N,1,171,202006
20200403,20200402,73,165060073,044536576,20975,N,1,172,202006
20200403,20200402,73,165060073,044538590,20980,N,1,173,202006
20200403,20200402,73,165060073,045001566,20980,N,1,174,202006
20200403,20200402,73,165060073,045054590,21050,N,1,175,202006
20200403,20200402,73,165060073,045422709,20904,N,10,176,202006
20200403,20200402,73,165060073,045653383,21077,N,1,177,202006
20200403,20200402,73,165060073,045743708,21000,N,1,178,202006
20200403,20200402,73,165060073,045929908,21015,N,3,179,202006
20200403,20200402,73,165060073,050154047,21084,N,1,180,202006
20200403,20200402,73,165060073,050202606,21100,N,4,181,202006
20200403,20200402,73,165060073,050216099,21150,N,1,182,202006
20200403,20200402,73,165060073,051337900,21174,N,3,183,202006
20200403,20200402,73,165060073,052143343,21169,N,1,184,202006
20200403,20200402,73,165060073,052143343,21170,E,4,185,202006
20200403,20200403,73,165060073,084501050,20943,O,4,186,202006
20200403,20200403,73,165060073,090844780,20970,N,1,187,202006
20200403,20200403,73,165060073,091001427,20836,N,1,188,202006
20200403,20200403,73,165060073,091703122,20841,N,1,189,202006
20200403,20200403,73,165060073,094759939,20846,N,1,190,202006
20200403,20200403,73,165060073,100225696,20865,N,5,191,202006
20200403,20200403,73,165060073,100225814,20865,N,1,192,202006
20200403,20200403,73,165060073,100225821,20865,N,4,193,202006
20200403,20200403,73,165060073,100230843,20865,N,1,194,202006
20200403,20200403,73,165060073,103251352,20933,N,1,195,202006
20200403,20200403,73,165060073,112101641,20847,N,1,196,202006
20200403,20200403,73,165060073,114553120,20900,N,5,197,202006
20200403,20200403,73,165060073,114558171,20900,N,2,198,202006
20200403,20200403,73,165060073,123336781,20847,N,1,199,202006
20200403,20200403,73,165060073,123412298,20847,N,5,200,202006
20200403,20200403,73,165060073,123417323,20847,N,3,201,202006
20200403,20200403,73,165060073,125620862,20822,N,1,202,202006
20200403,20200403,73,165060073,125620862,20813,N,1,203,202006
20200403,20200403,73,165060073,125645685,20803,N,1,204,202006
20200403,20200403,73,165060073,125812278,20803,N,4,205,202006
20200403,20200403,73,165060073,130550327,20802,N,1,206,202006
20200403,20200403,73,165060073,130924754,20780,N,1,207,202006
20200403,20200403,73,165060073,131616902,20770,N,1,208,202006
20200403,20200403,73,165060073,132159434,20750,N,2,209,202006
20200403,20200403,73,165060073,132159434,20750,N,1,210,202006
20200403,20200403,73,165060073,133845361,20701,N,2,211,202006
20200403,20200403,73,165060073,134333067,20797,N,1,212,202006
20200403,20200403,73,165060073,135345098,20780,N,3,213,202006
20200403,20200403,73,165060073,144151755,20700,N,1,214,202006
20200403,20200403,73,165060073,144406746,20798,N,1,215,202006
20200403,20200403,73,165060073,150054113,20691,N,1,216,202006
20200403,20200403,73,165060073,150416834,20692,N,1,217,202006
20200403,20200403,73,165060073,150416834,20691,E,4,218,202006
20200406,20200403,73,165060073,164358654,20800,O,3,1,202006
20200406,20200403,73,165060073,173733298,20800,N,1,2,202006
20200406,20200403,73,165060073,181212330,20601,N,1,3,202006
20200406,20200403,73,165060073,182029486,20751,N,1,4,202006
20200406,20200403,73,165060073,183448023,20681,N,1,5,202006
20200406,20200403,73,165060073,183504074,20684,N,1,6,202006
20200406,20200403,73,165060073,184700157,20751,N,1,7,202006
20200406,20200403,73,165060073,184727559,20601,N,1,8,202006
20200406,20200403,73,165060073,185307629,20750,N,1,9,202006
20200406,20200403,73,165060073,193507504,20820,N,5,10,202006
20200406,20200403,73,165060073,193507636,20835,N,1,11,202006
20200406,20200403,73,165060073,203320277,20835,N,1,12,202006
20200406,20200403,73,165060073,203418188,20835,N,1,13,202006
20200406,20200403,73,165060073,204733189,20870,N,1,14,202006
20200406,20200403,73,165060073,204734729,20901,N,1,15,202006
20200406,20200403,73,165060073,204905742,20920,N,1,16,202006
20200406,20200403,73,165060073,205639403,20970,N,1,17,202006
20200406,20200403,73,165060073,205723576,21000,N,4,18,202006
20200406,20200403,73,165060073,205730859,21020,N,2,19,202006
20200406,20200403,73,165060073,205756754,21020,N,1,20,202006
20200406,20200403,73,165060073,205959896,21077,N,1,21,202006
20200406,20200403,73,165060073,211328852,20933,N,1,22,202006
20200406,20200403,73,165060073,212659132,20850,N,1,23,202006
20200406,20200403,73,165060073,212721051,20850,N,1,24,202006
20200406,20200403,73,165060073,213006368,20820,N,1,25,202006
20200406,20200403,73,165060073,224233005,21045,N,1,26,202006
20200406,20200403,73,165060073,224239971,21050,N,1,27,202006
20200406,20200403,73,165060073,224501984,21070,N,1,28,202006
20200406,20200403,73,165060073,224506777,21050,N,1,29,202006
20200406,20200403,73,165060073,224925192,21000,N,2,30,202006
20200406,20200403,73,165060073,225435157,21000,N,1,31,202006
20200406,20200403,73,165060073,225652336,21000,N,1,32,202006
20200406,20200403,73,165060073,225652336,21000,N,3,33,202006
20200406,20200403,73,165060073,225935551,21077,N,1,34,202006
20200406,20200403,73,165060073,232212112,20881,N,10,35,202006
20200406,20200403,73,165060073,232212128,20881,N,5,36,202006
20200406,20200403,73,165060073,232212234,20881,N,5,37,202006
20200406,20200403,73,165060073,232217549,20881,N,4,38,202006
20200406,20200403,73,165060073,232241108,20881,N,1,39,202006
20200406,20200403,73,165060073,232434201,20850,N,2,40,202006
20200406,20200403,73,165060073,232952558,20870,N,2,41,202006
20200406,20200403,73,165060073,232956244,20850,N,1,42,202006
20200406,20200403,73,165060073,233840365,20800,N,1,43,202006
20200406,20200403,73,165060073,233902360,20848,N,2,44,202006
20200406,20200403,73,165060073,234052198,20800,N,1,45,202006
20200406,20200403,73,165060073,234350021,20780,N,1,46,202006
20200406,20200403,73,165060073,234515316,20818,N,1,47,202006
20200406,20200403,73,165060073,000654880,20840,N,2,48,202006
20200406,20200403,73,165060073,001225463,20776,N,1,49,202006
20200406,20200403,73,165060073,003229620,20753,N,2,50,202006
20200406,20200403,73,165060073,003353172,20723,N,1,51,202006
20200406,20200403,73,165060073,003836148,20928,N,1,52,202006
20200406,20200403,73,165060073,004416049,20750,N,1,53,202006
20200406,20200403,73,165060073,004613692,20722,N,2,54,202006
20200406,20200403,73,165060073,004647229,20701,N,2,55,202006
20200406,20200403,73,165060073,004746620,20700,N,1,56,202006
20200406,20200403,73,165060073,011651237,20643,N,1,57,202006
20200406,20200403,73,165060073,012906363,20650,N,1,58,202006
20200406,20200403,73,165060073,013012609,20660,N,2,59,202006
20200406,20200403,73,165060073,013949209,20731,N,1,60,202006
20200406,20200403,73,165060073,020310771,20730,N,2,61,202006
20200406,20200403,73,165060073,021218179,20700,N,1,62,202006
20200406,20200403,73,165060073,021218242,20700,N,1,63,202006
20200406,20200403,73,165060073,021223286,20700,N,1,64,202006
20200406,20200403,73,165060073,022540416,20653,N,1,65,202006
20200406,20200403,73,165060073,022541533,20652,N,1,66,202006
20200406,20200403,73,165060073,022541928,20650,N,1,67,202006
20200406,20200403,73,165060073,023009773,20610,N,1,68,202006
20200406,20200403,73,165060073,023017702,20600,N,4,69,202006
20200406,20200403,73,165060073,023033568,20600,N,2,70,202006
20200406,20200403,73,165060073,023818359,20600,N,1,71,202006
20200406,20200403,73,165060073,030607058,20600,N,1,72,202006
20200406,20200403,73,165060073,031315713,20637,N,1,73,202006
20200406,20200403,73,165060073,032934353,20650,N,1,74,202006
20200406,20200403,73,165060073,032934491,20660,N,2,75,202006
20200406,20200403,73,165060073,033155485,20660,N,2,76,202006
20200406,20200403,73,165060073,033235585,20660,N,1,77,202006
20200406,20200403,73,165060073,033700362,20660,N,2,78,202006
20200406,20200403,73,165060073,034233731,20660,N,1,79,202006
20200406,20200403,73,165060073,034314760,20640,N,1,80,202006
20200406,20200403,73,165060073,034353776,20640,N,1,81,202006
20200406,20200403,73,165060073,043403337,20730,N,1,82,202006
20200406,20200403,73,165060073,043735678,20701,N,2,83,202006
20200406,20200403,73,165060073,043736605,20700,N,2,84,202006
20200406,20200403,73,165060073,043929285,20680,N,3,85,202006
20200406,20200403,73,165060073,044156718,20660,N,1,86,202006
20200406,20200403,73,165060073,044223573,20650,N,3,87,202006
20200406,20200403,73,165060073,044238954,20640,N,1,88,202006
20200406,20200403,73,165060073,044346374,20637,N,3,89,202006
20200406,20200403,73,165060073,045008494,20800,N,1,90,202006
20200406,20200403,73,165060073,045516145,20800,N,3,91,202006
20200406,20200403,73,165060073,045536189,20800,N,4,92,202006
20200406,20200403,73,165060073,045916107,20621,E,1,93,202006
20200406,20200406,73,165060073,084501051,20900,O,3,94,202006
20200406,20200406,73,165060073,084632192,20900,N,1,95,202006
20200406,20200406,73,165060073,085005638,20900,N,1,96,202006
20200406,20200406,73,165060073,085225246,20970,N,1,97,202006
20200406,20200406,73,165060073,085725099,21000,N,1,98,202006
20200406,20200406,73,165060073,085917846,21000,N,2,99,202006
20200406,20200406,73,165060073,090150635,21020,N,1,100,202006
20200406,20200406,73,165060073,090454754,21000,N,1,101,202006
20200406,20200406,73,165060073,091010327,21000,N,1,102,202006
20200406,20200406,73,165060073,091051819,20990,N,1,103,202006
20200406,20200406,73,165060073,091504679,20977,N,1,104,202006
20200406,20200406,73,165060073,091601349,21063,N,1,105,202006
20200406,20200406,73,165060073,091712269,21100,N,4,106,202006
20200406,20200406,73,165060073,091911611,21173,N,1,107,202006
20200406,20200406,73,165060073,091925901,21174,N,1,108,202006
20200406,20200406,73,165060073,093006518,21200,N,1,109,202006
20200406,20200406,73,165060073,093058742,21200,N,1,110,202006
20200406,20200406,73,165060073,093456503,21350,N,1,111,202006
20200406,20200406,73,165060073,093456506,21400,N,1,112,202006
20200406,20200406,73,165060073,093718650,21463,N,11,113,202006
20200406,20200406,73,165060073,093718650,21464,N,9,114,202006
20200406,20200406,73,165060073,093902911,21498,N,3,115,202006
20200406,20200406,73,165060073,094155581,21400,N,1,116,202006
20200406,20200406,73,165060073,094530447,21400,N,1,117,202006
20200406,20200406,73,165060073,094558578,21380,N,4,118,202006
20200406,20200406,73,165060073,094615920,21447,N,1,119,202006
20200406,20200406,73,165060073,094628208,21380,N,1,120,202006
20200406,20200406,73,165060073,094630015,21439,N,1,121,202006
20200406,20200406,73,165060073,094654384,21465,N,1,122,202006
20200406,20200406,73,165060073,094743455,21444,N,1,123,202006
20200406,20200406,73,165060073,100340980,21497,N,1,124,202006
20200406,20200406,73,165060073,100409301,21471,N,2,125,202006
20200406,20200406,73,165060073,101021691,21400,N,1,126,202006
20200406,20200406,73,165060073,101139642,21400,N,5,127,202006
20200406,20200406,73,165060073,101139644,21400,N,4,128,202006
20200406,20200406,73,165060073,102840219,21400,N,1,129,202006
20200406,20200406,73,165060073,102843523,21430,N,1,130,202006
20200406,20200406,73,165060073,103156506,21350,N,1,131,202006
20200406,20200406,73,165060073,104259623,21366,N,1,132,202006
20200406,20200406,73,165060073,104403314,21300,N,2,133,202006
20200406,20200406,73,165060073,104403316,21300,N,1,134,202006
20200406,20200406,73,165060073,105054259,21300,N,7,135,202006
20200406,20200406,73,165060073,105113889,21346,N,1,136,202006
20200406,20200406,73,165060073,105857075,21426,N,4,137,202006
20200406,20200406,73,165060073,110006557,21420,N,3,138,202006
20200406,20200406,73,165060073,110006699,21420,N,4,139,202006
20200406,20200406,73,165060073,110747652,21430,N,1,140,202006
20200406,20200406,73,165060073,111014366,21450,N,3,141,202006
20200406,20200406,73,165060073,111014461,21450,N,1,142,202006
20200406,20200406,73,165060073,111517869,21450,N,1,143,202006
20200406,20200406,73,165060073,112235330,21450,N,1,144,202006
20200406,20200406,73,165060073,123020026,21460,N,1,145,202006
20200406,20200406,73,165060073,123023972,21474,N,2,146,202006
20200406,20200406,73,165060073,123023972,21475,N,1,147,202006
20200406,20200406,73,165060073,123033957,21500,N,2,148,202006
20200406,20200406,73,165060073,123033963,21500,N,3,149,202006
20200406,20200406,73,165060073,123033963,21500,N,1,150,202006
20200406,20200406,73,165060073,124422882,21375,N,1,151,202006
20200406,20200406,73,165060073,125143971,21400,N,1,152,202006
20200406,20200406,73,165060073,131309219,21500,N,1,153,202006
20200406,20200406,73,165060073,131309267,21500,N,1,154,202006
20200406,20200406,73,165060073,131309307,21500,N,1,155,202006
20200406,20200406,73,165060073,131314399,21500,N,1,156,202006
20200406,20200406,73,165060073,131346448,21510,N,1,157,202006
20200406,20200406,73,165060073,131705582,21510,N,2,158,202006
20200406,20200406,73,165060073,131755876,21425,N,2,159,202006
20200406,20200406,73,165060073,135332391,21500,N,2,160,202006
20200406,20200406,73,165060073,135531313,21451,N,1,161,202006
20200406,20200406,73,165060073,140149820,21559,N,10,162,202006
20200406,20200406,73,165060073,140149820,21560,N,20,163,202006
20200406,20200406,73,165060073,140149823,21560,N,1,164,202006
20200406,20200406,73,165060073,140149824,21561,N,1,165,202006
20200406,20200406,73,165060073,140149884,21561,N,10,166,202006
20200406,20200406,73,165060073,140425117,21568,N,11,167,202006
20200406,20200406,73,165060073,140425117,21569,N,9,168,202006
20200406,20200406,73,165060073,140446467,21568,N,11,169,202006
20200406,20200406,73,165060073,140446467,21569,N,9,170,202006
20200406,20200406,73,165060073,140924342,21588,N,1,171,202006
20200406,20200406,73,165060073,143141899,21572,N,3,172,202006
20200406,20200406,73,165060073,143147833,21572,N,1,173,202006
20200406,20200406,73,165060073,143147834,21572,N,6,174,202006
20200406,20200406,73,165060073,143923932,21600,N,2,175,202006
20200406,20200406,73,165060073,144138223,21642,N,1,176,202006
20200406,20200406,73,165060073,144309323,21684,N,1,177,202006
20200406,20200406,73,165060073,144554480,21688,N,1,178,202006
20200406,20200406,73,165060073,144814885,21676,N,3,179,202006
20200406,20200406,73,165060073,145056472,21676,N,1,180,202006
20200406,20200406,73,165060073,145143327,21688,N,1,181,202006
20200406,20200406,73,165060073,145453520,21695,N,1,182,202006
20200406,20200406,73,165060073,145843288,21650,N,1,183,202006
20200406,20200406,73,165060073,150024750,21655,N,1,184,202006
20200406,20200406,73,165060073,150236986,21697,N,1,185,202006
20200406,20200406,73,165060073,150600035,21700,N,2,186,202006
20200406,20200406,73,165060073,150622066,21715,N,1,187,202006
20200406,20200406,73,165060073,151501010,21749,E,3,188,202006
20200407,20200406,73,165060073,173751064,21550,O,1,1,202006
20200407,20200406,73,165060073,173755723,21560,N,1,2,202006
20200407,20200406,73,165060073,173755806,21550,N,1,3,202006
20200407,20200406,73,165060073,174103150,21500,N,7,4,202006
20200407,20200406,73,165060073,180119988,21606,N,1,5,202006
20200407,20200406,73,165060073,180119988,21605,N,1,6,202006
20200407,20200406,73,165060073,182402152,21590,N,1,7,202006
20200407,20200406,73,165060073,190250802,21741,N,1,8,202006
20200407,20200406,73,165060073,190250805,21741,N,1,9,202006
20200407,20200406,73,165060073,191235536,21600,N,2,10,202006
20200407,20200406,73,165060073,191442838,21537,N,1,11,202006
20200407,20200406,73,165060073,194401147,21676,N,1,12,202006
20200407,20200406,73,165060073,194439733,21651,N,3,13,202006
20200407,20200406,73,165060073,194541113,21704,N,1,14,202006
20200407,20200406,73,165060073,195302349,21656,N,4,15,202006
20200407,20200406,73,165060073,195734499,21656,N,1,16,202006
20200407,20200406,73,165060073,195846926,21694,N,1,17,202006
20200407,20200406,73,165060073,200220353,21690,N,1,18,202006
20200407,20200406,73,165060073,200457331,21590,N,1,19,202006
20200407,20200406,73,165060073,200521677,21586,N,1,20,202006
20200407,20200406,73,165060073,200521752,21586,N,1,21,202006
20200407,20200406,73,165060073,200521846,21586,N,1,22,202006
20200407,20200406,73,165060073,200526874,21586,N,1,23,202006
20200407,20200406,73,165060073,201506752,21584,N,1,24,202006
20200407,20200406,73,165060073,201946147,21584,N,1,25,202006
20200407,20200406,73,165060073,201951207,21584,N,1,26,202006
20200407,20200406,73,165060073,202103929,21529,N,3,27,202006
20200407,20200406,73,165060073,202108529,21529,N,1,28,202006
20200407,20200406,73,165060073,203559375,21540,N,1,29,202006
20200407,20200406,73,165060073,210119793,21537,N,1,30,202006
20200407,20200406,73,165060073,210148153,21537,N,1,31,202006
20200407,20200406,73,165060073,211209516,21530,N,1,32,202006
20200407,20200406,73,165060073,213232498,21501,N,6,33,202006
20200407,20200406,73,165060073,213232537,21500,N,1,34,202006
20200407,20200406,73,165060073,214805221,21600,N,1,35,202006
20200407,20200406,73,165060073,221614755,21610,N,1,36,202006
20200407,20200406,73,165060073,221940589,21667,N,1,37,202006
20200407,20200406,73,165060073,222402528,21651,N,1,38,202006
20200407,20200406,73,165060073,222452217,21653,N,1,39,202006
20200407,20200406,73,165060073,222516551,21640,N,1,40,202006
20200407,20200406,73,165060073,223001404,21725,N,2,41,202006
20200407,20200406,73,165060073,223032611,21715,N,2,42,202006
20200407,20200406,73,165060073,223056215,21709,N,1,43,202006
20200407,20200406,73,165060073,223441399,21620,N,1,44,202006
20200407,20200406,73,165060073,223441418,21620,N,1,45,202006
20200407,20200406,73,165060073,223444262,21620,N,1,46,202006
20200407,20200406,73,165060073,223533629,21600,N,3,47,202006
20200407,20200406,73,165060073,223534380,21600,N,2,48,202006
20200407,20200406,73,165060073,223534424,21600,N,3,49,202006
20200407,20200406,73,165060073,223536667,21600,N,3,50,202006
20200407,20200406,73,165060073,223543448,21600,N,11,51,202006
20200407,20200406,73,165060073,223543546,21600,N,11,52,202006
20200407,20200406,73,165060073,223543564,21600,N,2,53,202006
20200407,20200406,73,165060073,223543566,21600,N,6,54,202006
20200407,20200406,73,165060073,223658165,21623,N,1,55,202006
20200407,20200406,73,165060073,223707443,21600,N,5,56,202006
20200407,20200406,73,165060073,223707445,21600,N,2,57,202006
20200407,20200406,73,165060073,223708557,21600,N,11,58,202006
20200407,20200406,73,165060073,223731847,21600,N,2,59,202006
20200407,20200406,73,165060073,223731849,21600,N,5,60,202006
20200407,20200406,73,165060073,223732052,21600,N,5,61,202006
20200407,20200406,73,165060073,223801377,21609,N,1,62,202006
20200407,20200406,73,165060073,223808404,21610,N,1,63,202006
20200407,20200406,73,165060073,224800348,21730,N,2,64,202006
20200407,20200406,73,165060073,224800360,21737,N,1,65,202006
20200407,20200406,73,165060073,224800360,21750,N,1,66,202006
20200407,20200406,73,165060073,224800360,21800,N,2,67,202006
20200407,20200406,73,165060073,224800360,21810,N,1,68,202006
20200407,20200406,73,165060073,224915042,21782,N,1,69,202006
20200407,20200406,73,165060073,225056681,21782,N,1,70,202006
20200407,20200406,73,165060073,225056684,21792,N,10,71,202006
20200407,20200406,73,165060073,225115806,21806,N,10,72,202006
20200407,20200406,73,165060073,225115809,21806,N,1,73,202006
20200407,20200406,73,165060073,225115809,21807,N,1,74,202006
20200407,20200406,73,165060073,225125106,21810,N,2,75,202006
20200407,20200406,73,165060073,225302492,21810,N,1,76,202006
20200407,20200406,73,165060073,225322823,21804,N,1,77,202006
20200407,20200406,73,165060073,225416723,21842,N,1,78,202006
20200407,20200406,73,165060073,225600812,21809,N,2,79,202006
20200407,20200406,73,165060073,225916240,21850,N,2,80,202006
20200407,20200406,73,165060073,230259794,21906,N,3,81,202006
20200407,20200406,73,165060073,230355013,21888,N,1,82,202006
20200407,20200406,73,165060073,230546725,21878,N,5,83,202006
20200407,20200406,73,165060073,230626795,21872,N,1,84,202006
20200407,20200406,73,165060073,230634402,21886,N,1,85,202006
20200407,20200406,73,165060073,230643912,21873,N,9,86,202006
20200407,20200406,73,165060073,230718113,21873,N,5,87,202006
20200407,20200406,73,165060073,230739028,21851,N,2,88,202006
20200407,20200406,73,165060073,230823666,21815,N,2,89,202006
20200407,20200406,73,165060073,231607821,21870,N,1,90,202006
20200407,20200406,73,165060073,231738389,21887,N,1,91,202006
20200407,20200406,73,165060073,231949045,21910,N,1,92,202006
20200407,20200406,73,165060073,232057605,21945,N,1,93,202006
20200407,20200406,73,165060073,232212150,21945,N,1,94,202006
20200407,20200406,73,165060073,232221950,21918,N,1,95,202006
20200407,20200406,73,165060073,232556567,21900,N,1,96,202006
20200407,20200406,73,165060073,232819505,21857,N,1,97,202006
20200407,20200406,73,165060073,232900741,21830,N,1,98,202006
20200407,20200406,73,165060073,232959209,21816,N,1,99,202006
20200407,20200406,73,165060073,233127189,21800,N,1,100,202006
20200407,20200406,73,165060073,233150469,21791,N,2,101,202006
20200407,20200406,73,165060073,233859558,21851,N,1,102,202006
20200407,20200406,73,165060073,233927346,21853,N,1,103,202006
20200407,20200406,73,165060073,234221733,21825,N,1,104,202006
20200407,20200406,73,165060073,234526959,21770,N,1,105,202006
20200407,20200406,73,165060073,234548578,21795,N,1,106,202006
20200407,20200406,73,165060073,234802009,21765,N,1,107,202006
20200407,20200406,73,165060073,234806056,21750,N,2,108,202006
20200407,20200406,73,165060073,235140014,21796,N,1,109,202006
20200407,20200406,73,165060073,235412449,21780,N,1,110,202006
20200407,20200406,73,165060073,235927250,21705,N,1,111,202006
20200407,20200406,73,165060073,000733030,21822,N,1,112,202006
20200407,20200406,73,165060073,002032352,21800,N,1,113,202006
20200407,20200406,73,165060073,002637093,21830,N,2,114,202006
20200407,20200406,73,165060073,002701607,21835,N,4,115,202006
20200407,20200406,73,165060073,002801354,21845,N,1,116,202006
20200407,20200406,73,165060073,002802922,21846,N,1,117,202006
20200407,20200406,73,165060073,003537885,21859,N,1,118,202006
20200407,20200406,73,165060073,004143808,21885,N,1,119,202006
20200407,20200406,73,165060073,004714855,21900,N,1,120,202006
20200407,20200406,73,165060073,005400984,21909,N,5,121,202006
20200407,20200406,73,165060073,005627893,21935,N,1,122,202006
20200407,20200406,73,165060073,010606241,21935,N,1,123,202006
20200407,20200406,73,165060073,011354939,21920,N,1,124,202006
20200407,20200406,73,165060073,012005920,21960,N,1,125,202006
20200407,20200406,73,165060073,012010519,21965,N,1,126,202006
20200407,20200406,73,165060073,012137948,21980,N,1,127,202006
20200407,20200406,73,165060073,012221077,21995,N,1,128,202006
20200407,20200406,73,165060073,012228782,22000,N,1,129,202006
20200407,20200406,73,165060073,012229119,22000,N,1,130,202006
20200407,20200406,73,165060073,012345828,22000,N,1,131,202006
20200407,20200406,73,165060073,012425873,22010,N,1,132,202006
20200407,20200406,73,165060073,012452520,22020,N,1,133,202006
20200407,20200406,73,165060073,014008970,22000,N,1,134,202006
20200407,20200406,73,165060073,020119922,22024,N,1,135,202006
20200407,20200406,73,165060073,020119922,22038,N,1,136,202006
20200407,20200406,73,165060073,020534852,21910,N,1,137,202006
20200407,20200406,73,165060073,021715770,21938,N,10,138,202006
20200407,20200406,73,165060073,023108671,22000,N,1,139,202006
20200407,20200406,73,165060073,023754759,22000,N,2,140,202006
20200407,20200406,73,165060073,024034540,22000,N,2,141,202006
20200407,20200406,73,165060073,024034605,22000,N,2,142,202006
20200407,20200406,73,165060073,024035079,22000,N,2,143,202006
20200407,20200406,73,165060073,024049309,22000,N,1,144,202006
20200407,20200406,73,165060073,024054469,22000,N,1,145,202006
20200407,20200406,73,165060073,024225794,22054,N,1,146,202006
20200407,20200406,73,165060073,024229871,22055,N,1,147,202006
20200407,20200406,73,165060073,025604521,21987,N,1,148,202006
20200407,20200406,73,165060073,031015265,21987,N,2,149,202006
20200407,20200406,73,165060073,032221633,21975,N,1,150,202006
20200407,20200406,73,165060073,043204187,22100,N,1,151,202006
20200407,20200406,73,165060073,043243058,22110,N,1,152,202006
20200407,20200406,73,165060073,043248139,22110,N,1,153,202006
20200407,20200406,73,165060073,043249928,22120,N,1,154,202006
20200407,20200406,73,165060073,043910839,22130,N,1,155,202006
20200407,20200406,73,165060073,043910842,22140,N,1,156,202006
20200407,20200406,73,165060073,044921961,22199,N,7,157,202006
20200407,20200406,73,165060073,045000126,22200,N,4,158,202006
20200407,20200406,73,165060073,045000211,22180,N,5,159,202006
20200407,20200406,73,165060073,045000971,22200,N,1,160,202006
20200407,20200406,73,165060073,045002158,22222,N,1,161,202006
20200407,20200406,73,165060073,045002405,22225,N,5,162,202006
20200407,20200406,73,165060073,045014159,22250,N,2,163,202006
20200407,20200406,73,165060073,045046571,22295,N,1,164,202006
20200407,20200406,73,165060073,045046574,22300,N,1,165,202006
20200407,20200406,73,165060073,045047008,22305,N,1,166,202006
20200407,20200406,73,165060073,045052844,22320,N,1,167,202006
20200407,20200406,73,165060073,045220617,22350,N,1,168,202006
20200407,20200406,73,165060073,045402473,22370,N,1,169,202006
20200407,20200406,73,165060073,045600973,22500,N,4,170,202006
20200407,20200406,73,165060073,045611139,22500,N,1,171,202006
20200407,20200406,73,165060073,050413611,22311,N,1,172,202006
20200407,20200406,73,165060073,050649966,22324,N,1,173,202006
20200407,20200406,73,165060073,051331211,22350,N,1,174,202006
20200407,20200406,73,165060073,052342211,22350,N,5,175,202006
20200407,20200406,73,165060073,052435681,22350,N,1,176,202006
20200407,20200406,73,165060073,053001020,22223,E,1,177,202006
20200407,20200407,73,165060073,084501051,22252,O,15,178,202006
20200407,20200407,73,165060073,084558702,22450,N,1,179,202006
20200407,20200407,73,165060073,084733105,22449,N,2,180,202006
20200407,20200407,73,165060073,084924346,22340,N,2,181,202006
20200407,20200407,73,165060073,084929204,22444,N,1,182,202006
20200407,20200407,73,165060073,085335770,22445,N,1,183,202006
20200407,20200407,73,165060073,085403593,22450,N,1,184,202006
20200407,20200407,73,165060073,085531324,22359,N,1,185,202006
20200407,20200407,73,165060073,085601150,22370,N,1,186,202006
20200407,20200407,73,165060073,085605860,22450,N,1,187,202006
20200407,20200407,73,165060073,085650711,22372,N,1,188,202006
20200407,20200407,73,165060073,085720215,22450,N,1,189,202006
20200407,20200407,73,165060073,085735508,22450,N,1,190,202006
20200407,20200407,73,165060073,085802709,22450,N,5,191,202006
20200407,20200407,73,165060073,085825179,22450,N,1,192,202006
20200407,20200407,73,165060073,085913833,22450,N,3,193,202006
20200407,20200407,73,165060073,085918134,22450,N,2,194,202006
20200407,20200407,73,165060073,085935829,22450,N,2,195,202006
20200407,20200407,73,165060073,085948116,22450,N,7,196,202006
20200407,20200407,73,165060073,090058952,22450,N,1,197,202006
20200407,20200407,73,165060073,090152125,22450,N,2,198,202006
20200407,20200407,73,165060073,090207895,22397,N,1,199,202006
20200407,20200407,73,165060073,090258841,22417,N,1,200,202006
20200407,20200407,73,165060073,090510188,22450,N,5,201,202006
20200407,20200407,73,165060073,090510198,22450,N,6,202,202006
20200407,20200407,73,165060073,090510313,22450,N,1,203,202006
20200407,20200407,73,165060073,090626840,22490,N,1,204,202006
20200407,20200407,73,165060073,090740747,22500,N,5,205,202006
20200407,20200407,73,165060073,090740920,22530,N,1,206,202006
20200407,20200407,73,165060073,090951166,22520,N,1,207,202006
20200407,20200407,73,165060073,091041841,22528,N,2,208,202006
20200407,20200407,73,165060073,092212254,22525,N,1,209,202006
20200407,20200407,73,165060073,092334396,22530,N,1,210,202006
20200407,20200407,73,165060073,093531273,22450,N,1,211,202006
20200407,20200407,73,165060073,093705224,22410,N,1,212,202006
20200407,20200407,73,165060073,093721579,22363,N,1,213,202006
20200407,20200407,73,165060073,093735477,22372,N,1,214,202006
20200407,20200407,73,165060073,093747686,22372,N,1,215,202006
20200407,20200407,73,165060073,094001877,22356,N,10,216,202006
20200407,20200407,73,165060073,094001902,22354,N,10,217,202006
20200407,20200407,73,165060073,094002000,22354,N,5,218,202006
20200407,20200407,73,165060073,094002124,22354,N,5,219,202006
20200407,20200407,73,165060073,094002249,22354,N,5,220,202006
20200407,20200407,73,165060073,094002373,22354,N,5,221,202006
20200407,20200407,73,165060073,094002497,22354,N,5,222,202006
20200407,20200407,73,165060073,094002622,22354,N,5,223,202006
20200407,20200407,73,165060073,094243659,22318,N,5,224,202006
20200407,20200407,73,165060073,101708908,22381,N,1,225,202006
20200407,20200407,73,165060073,101733320,22348,N,1,226,202006
20200407,20200407,73,165060073,103543210,22366,N,1,227,202006
20200407,20200407,73,165060073,104014528,22348,N,1,228,202006
20200407,20200407,73,165060073,104124781,22300,N,1,229,202006
20200407,20200407,73,165060073,104309783,22268,N,1,230,202006
20200407,20200407,73,165060073,110716896,22270,N,1,231,202006
20200407,20200407,73,165060073,111531107,22250,N,1,232,202006
20200407,20200407,73,165060073,112043447,22221,N,1,233,202006
20200407,20200407,73,165060073,112417196,22200,N,1,234,202006
20200407,20200407,73,165060073,112417196,22180,N,4,235,202006
20200407,20200407,73,165060073,112524538,22185,N,1,236,202006
20200407,20200407,73,165060073,112646451,22185,N,1,237,202006
20200407,20200407,73,165060073,112930918,22214,N,1,238,202006
20200407,20200407,73,165060073,113542028,22215,N,2,239,202006
20200407,20200407,73,165060073,113545086,22215,N,1,240,202006
20200407,20200407,73,165060073,121004308,22341,N,1,241,202006
20200407,20200407,73,165060073,121004309,22379,N,1,242,202006
20200407,20200407,73,165060073,121004311,22379,N,1,243,202006
20200407,20200407,73,165060073,123242462,22240,N,1,244,202006
20200407,20200407,73,165060073,124621243,22150,N,1,245,202006
20200407,20200407,73,165060073,124635169,22150,N,1,246,202006
20200407,20200407,73,165060073,124855674,22150,N,1,247,202006
20200407,20200407,73,165060073,124942373,22150,N,1,248,202006
20200407,20200407,73,165060073,125145636,22124,N,2,249,202006
20200407,20200407,73,165060073,125548444,22126,N,1,250,202006
20200407,20200407,73,165060073,125712068,22135,N,2,251,202006
20200407,20200407,73,165060073,130149599,22140,N,1,252,202006
20200407,20200407,73,165060073,130218887,22150,N,1,253,202006
20200407,20200407,73,165060073,130506281,22129,N,1,254,202006
20200407,20200407,73,165060073,130828114,22141,N,1,255,202006
20200407,20200407,73,165060073,130937939,22165,N,1,256,202006
20200407,20200407,73,165060073,132341384,22198,N,8,257,202006
20200407,20200407,73,165060073,133611331,22243,N,1,258,202006
20200407,20200407,73,165060073,134241794,22291,N,1,259,202006
20200407,20200407,73,165060073,134917581,22195,N,1,260,202006
20200407,20200407,73,165060073,135034780,22229,N,1,261,202006
20200407,20200407,73,165060073,140021875,22325,N,1,262,202006
20200407,20200407,73,165060073,141347238,22265,N,1,263,202006
20200407,20200407,73,165060073,141524930,22252,N,1,264,202006
20200407,20200407,73,165060073,141612520,22252,N,1,265,202006
20200407,20200407,73,165060073,141658302,22245,N,1,266,202006
20200407,20200407,73,165060073,143757662,22371,N,1,267,202006
20200407,20200407,73,165060073,143828192,22380,N,1,268,202006
20200407,20200407,73,165060073,143844669,22400,N,1,269,202006
20200407,20200407,73,165060073,145335625,22407,N,1,270,202006
20200407,20200407,73,165060073,145617859,22409,N,4,271,202006
20200407,20200407,73,165060073,150433820,22460,N,1,272,202006
20200407,20200407,73,165060073,150600744,22460,N,1,273,202006
20200407,20200407,73,165060073,150822353,22460,N,8,274,202006
20200407,20200407,73,165060073,151501009,22620,E,3,275,202006
20200407,20200406,73,165090073,045159006,21889,O,1,276,202009
20200408,20200407,73,165060073,163142493,22750,O,1,1,202006
20200408,20200407,73,165060073,163736992,22800,N,1,2,202006
20200408,20200407,73,165060073,163848174,22800,N,1,3,202006
20200408,20200407,73,165060073,164029067,22801,N,1,4,202006
20200408,20200407,73,165060073,164112393,22801,N,1,5,202006
20200408,20200407,73,165060073,164245842,22888,N,1,6,202006
20200408,20200407,73,165060073,164307919,22898,N,1,7,202006
20200408,20200407,73,165060073,164346302,22898,N,1,8,202006
20200408,20200407,73,165060073,164454488,22898,N,2,9,202006
20200408,20200407,73,165060073,164507463,22981,N,2,10,202006
20200408,20200407,73,165060073,164601610,22981,N,10,11,202006
20200408,20200407,73,165060073,164601614,22981,N,6,12,202006
20200408,20200407,73,165060073,164602745,22981,N,3,13,202006
20200408,20200407,73,165060073,164840080,23000,N,2,14,202006
20200408,20200407,73,165060073,164840083,23000,N,1,15,202006
20200408,20200407,73,165060073,164856834,23082,N,1,16,202006
20200408,20200407,73,165060073,164856913,23050,N,2,17,202006
20200408,20200407,73,165060073,164910369,22980,N,2,18,202006
20200408,20200407,73,165060073,164951378,23000,N,1,19,202006
20200408,20200407,73,165060073,165128196,23050,N,1,20,202006
20200408,20200407,73,165060073,165225712,23050,N,8,21,202006
20200408,20200407,73,165060073,165308008,22981,N,2,22,202006
20200408,20200407,73,165060073,165444941,23027,N,1,23,202006
20200408,20200407,73,165060073,165458286,23074,N,1,24,202006
20200408,20200407,73,165060073,165812941,23041,N,2,25,202006
20200408,20200407,73,165060073,165919991,22980,N,7,26,202006
20200408,20200407,73,165060073,170001884,22989,N,2,27,202006
20200408,20200407,73,165060073,170026886,22990,N,1,28,202006
20200408,20200407,73,165060073,170152209,23005,N,1,29,202006
20200408,20200407,73,165060073,170435970,23000,N,1,30,202006
20200408,20200407,73,165060073,170535390,23000,N,1,31,202006
20200408,20200407,73,165060073,170549295,23020,N,1,32,202006
20200408,20200407,73,165060073,170549295,23031,N,2,33,202006
20200408,20200407,73,165060073,170659390,23008,N,2,34,202006
20200408,20200407,73,165060073,171132581,23000,N,1,35,202006
20200408,20200407,73,165060073,171820080,23004,N,1,36,202006
20200408,20200407,73,165060073,172244711,23050,N,1,37,202006
20200408,20200407,73,165060073,172448259,23046,N,1,38,202006
20200408,20200407,73,165060073,172822036,23081,N,1,39,202006
20200408,20200407,73,165060073,173151083,22980,N,1,40,202006
20200408,20200407,73,165060073,173638262,23000,N,1,41,202006
20200408,20200407,73,165060073,173716597,23084,N,1,42,202006
20200408,20200407,73,165060073,174302479,23000,N,1,43,202006
20200408,20200407,73,165060073,174804973,23000,N,1,44,202006
20200408,20200407,73,165060073,174815104,23000,N,1,45,202006
20200408,20200407,73,165060073,175008775,23100,N,1,46,202006
20200408,20200407,73,165060073,175008780,23100,N,1,47,202006
20200408,20200407,73,165060073,175644347,23046,N,1,48,202006
20200408,20200407,73,165060073,175718506,23090,N,6,49,202006
20200408,20200407,73,165060073,175917583,22950,N,1,50,202006
20200408,20200407,73,165060073,180027492,22950,N,1,51,202006
20200408,20200407,73,165060073,180140126,23000,N,1,52,202006
20200408,20200407,73,165060073,181339079,22980,N,1,53,202006
20200408,20200407,73,165060073,182006321,23076,N,1,54,202006
20200408,20200407,73,165060073,182024498,23012,N,1,55,202006
20200408,20200407,73,165060073,182632437,23081,N,1,56,202006
20200408,20200407,73,165060073,183440211,23001,N,1,57,202006
20200408,20200407,73,165060073,184759273,23064,N,1,58,202006
20200408,20200407,73,165060073,185359559,23050,N,1,59,202006
20200408,20200407,73,165060073,185606393,23050,N,1,60,202006
20200408,20200407,73,165060073,185617474,23050,N,1,61,202006
20200408,20200407,73,165060073,185733144,23020,N,1,62,202006
20200408,20200407,73,165060073,185733144,23006,N,1,63,202006
20200408,20200407,73,165060073,185733144,23000,N,1,64,202006
20200408,20200407,73,165060073,185733144,23000,N,4,65,202006
20200408,20200407,73,165060073,185741350,23000,N,3,66,202006
20200408,20200407,73,165060073,190247724,23100,N,1,67,202006
20200408,20200407,73,165060073,190255733,23100,N,6,68,202006
20200408,20200407,73,165060073,190413429,23100,N,1,69,202006
20200408,20200407,73,165060073,190736196,23150,N,1,70,202006
20200408,20200407,73,165060073,191218987,23173,N,1,71,202006
20200408,20200407,73,165060073,191523430,23170,N,1,72,202006
20200408,20200407,73,165060073,191549270,23200,N,1,73,202006
20200408,20200407,73,165060073,191549273,23235,N,1,74,202006
20200408,20200407,73,165060073,191809156,23249,N,1,75,202006
20200408,20200407,73,165060073,192000772,23250,N,2,76,202006
20200408,20200407,73,165060073,192001701,23250,N,5,77,202006
20200408,20200407,73,165060073,192129760,23250,N,1,78,202006
20200408,20200407,73,165060073,192317965,23250,N,1,79,202006
20200408,20200407,73,165060073,192338995,23250,N,2,80,202006
20200408,20200407,73,165060073,192339037,23250,N,2,81,202006
20200408,20200407,73,165060073,192339072,23250,N,2,82,202006
20200408,20200407,73,165060073,192339241,23250,N,7,83,202006
20200408,20200407,73,165060073,192414877,23250,N,1,84,202006
20200408,20200407,73,165060073,192415055,23250,N,1,85,202006
20200408,20200407,73,165060073,192622712,23250,N,1,86,202006
20200408,20200407,73,165060073,192622712,23271,N,1,87,202006
20200408,20200407,73,165060073,192800740,23270,N,1,88,202006
20200408,20200407,73,165060073,192820727,23232,N,1,89,202006
20200408,20200407,73,165060073,192931838,23200,N,1,90,202006
20200408,20200407,73,165060073,193119838,23200,N,1,91,202006
20200408,20200407,73,165060073,193411492,23199,N,1,92,202006
20200408,20200407,73,165060073,193904438,23183,N,1,93,202006
20200408,20200407,73,165060073,195227174,23163,N,1,94,202006
20200408,20200407,73,165060073,195530689,23178,N,1,95,202006
20200408,20200407,73,165060073,201305866,23200,N,1,96,202006
20200408,20200407,73,165060073,201409165,23200,N,2,97,202006
20200408,20200407,73,165060073,201641167,23228,N,1,98,202006
20200408,20200407,73,165060073,201838799,23181,N,1,99,202006
20200408,20200407,73,165060073,202647823,23185,N,1,100,202006
20200408,20200407,73,165060073,202929973,23199,N,2,101,202006
20200408,20200407,73,165060073,203130886,23088,N,1,102,202006
20200408,20200407,73,165060073,204203213,23063,N,1,103,202006
20200408,20200407,73,165060073,205245624,23048,N,1,104,202006
20200408,20200407,73,165060073,205737289,23002,N,1,105,202006
20200408,20200407,73,165060073,210218535,23045,N,1,106,202006
20200408,20200407,73,165060073,210234664,23050,N,1,107,202006
20200408,20200407,73,165060073,212149136,23060,N,1,108,202006
20200408,20200407,73,165060073,212254535,23085,N,1,109,202006
20200408,20200407,73,165060073,212941981,23011,N,1,110,202006
20200408,20200407,73,165060073,213915430,23100,N,5,111,202006
20200408,20200407,73,165060073,213915440,23100,N,1,112,202006
20200408,20200407,73,165060073,214023165,23099,N,1,113,202006
20200408,20200407,73,165060073,214031631,23099,N,1,114,202006
20200408,20200407,73,165060073,214034629,23100,N,3,115,202006
20200408,20200407,73,165060073,214039800,23100,N,3,116,202006
20200408,20200407,73,165060073,214630388,23111,N,1,117,202006
20200408,20200407,73,165060073,214948912,23190,N,1,118,202006
20200408,20200407,73,165060073,215204618,23190,N,1,119,202006
20200408,20200407,73,165060073,215356936,23192,N,10,120,202006
20200408,20200407,73,165060073,215431125,23120,N,10,121,202006
20200408,20200407,73,165060073,215522200,23122,N,1,122,202006
20200408,20200407,73,165060073,215524373,23119,N,5,123,202006
20200408,20200407,73,165060073,215638968,23120,N,2,124,202006
20200408,20200407,73,165060073,220108477,23150,N,3,125,202006
20200408,20200407,73,165060073,220113540,23150,N,2,126,202006
20200408,20200407,73,165060073,221205494,23150,N,1,127,202006
20200408,20200407,73,165060073,221653449,23200,N,2,128,202006
20200408,20200407,73,165060073,221722065,23200,N,1,129,202006
20200408,20200407,73,165060073,221808878,23244,N,1,130,202006
20200408,20200407,73,165060073,221909593,23250,N,1,131,202006
20200408,20200407,73,165060073,221956708,23250,N,1,132,202006
20200408,20200407,73,165060073,222213474,23248,N,1,133,202006
20200408,20200407,73,165060073,222355564,23248,N,3,134,202006
20200408,20200407,73,165060073,222659473,23250,N,3,135,202006
20200408,20200407,73,165060073,222750752,23170,N,1,136,202006
20200408,20200407,73,165060073,222957119,23188,N,7,137,202006
20200408,20200407,73,165060073,223157979,23282,N,4,138,202006
20200408,20200407,73,165060073,223258759,23188,N,1,139,202006
20200408,20200407,73,165060073,223330640,23217,N,1,140,202006
20200408,20200407,73,165060073,223406222,23150,N,2,141,202006
20200408,20200407,73,165060073,223420227,23140,N,4,142,202006
20200408,20200407,73,165060073,223533723,23113,N,1,143,202006
20200408,20200407,73,165060073,223802760,23150,N,1,144,202006
20200408,20200407,73,165060073,223807582,23110,N,1,145,202006
20200408,20200407,73,165060073,224255387,23035,N,1,146,202006
20200408,20200407,73,165060073,224308882,23045,N,1,147,202006
20200408,20200407,73,165060073,224319518,23110,N,1,148,202006
20200408,20200407,73,165060073,224402824,23160,N,4,149,202006
20200408,20200407,73,165060073,224748115,23197,N,2,150,202006
20200408,20200407,73,165060073,225228943,23200,N,1,151,202006
20200408,20200407,73,165060073,225228943,23283,N,1,152,202006
20200408,20200407,73,165060073,225228943,23300,N,1,153,202006
20200408,20200407,73,165060073,225228946,23303,N,2,154,202006
20200408,20200407,73,165060073,225228947,23303,N,1,155,202006
20200408,20200407,73,165060073,225301404,23286,N,1,156,202006
20200408,20200407,73,165060073,225730975,23263,N,3,157,202006
20200408,20200407,73,165060073,225742129,23165,N,1,158,202006
20200408,20200407,73,165060073,230004438,23299,N,1,159,202006
20200408,20200407,73,165060073,230349464,23221,N,1,160,202006
20200408,20200407,73,165060073,230847630,23100,N,1,161,202006
20200408,20200407,73,165060073,230946499,23001,N,1,162,202006
20200408,20200407,73,165060073,230946502,23000,N,1,163,202006
20200408,20200407,73,165060073,231001410,23000,N,2,164,202006
20200408,20200407,73,165060073,231004404,23000,N,2,165,202006
20200408,20200407,73,165060073,231006241,23000,N,1,166,202006
20200408,20200407,73,165060073,231026812,22999,N,2,167,202006
20200408,20200407,73,165060073,231126525,23000,N,1,168,202006
20200408,20200407,73,165060073,231218345,22999,N,4,169,202006
20200408,20200407,73,165060073,231225119,22999,N,2,170,202006
20200408,20200407,73,165060073,231257299,22999,N,2,171,202006
20200408,20200407,73,165060073,231345131,23000,N,1,172,202006
20200408,20200407,73,165060073,231345169,22999,N,11,173,202006
20200408,20200407,73,165060073,231345378,22999,N,5,174,202006
20200408,20200407,73,165060073,231345379,22999,N,4,175,202006
20200408,20200407,73,165060073,231421671,22955,N,1,176,202006
20200408,20200407,73,165060073,231441615,22901,N,1,177,202006
20200408,20200407,73,165060073,231454290,23000,N,1,178,202006
20200408,20200407,73,165060073,231616002,22928,N,1,179,202006
20200408,20200407,73,165060073,231732433,22850,N,1,180,202006
20200408,20200407,73,165060073,231755055,22868,N,1,181,202006
20200408,20200407,73,165060073,231756373,22866,N,1,182,202006
20200408,20200407,73,165060073,231803659,22900,N,1,183,202006
20200408,20200407,73,165060073,232111673,22970,N,1,184,202006
20200408,20200407,73,165060073,232219624,22917,N,1,185,202006
20200408,20200407,73,165060073,232331047,22868,N,1,186,202006
20200408,20200407,73,165060073,232533392,22789,N,1,187,202006
20200408,20200407,73,165060073,232533396,22789,N,8,188,202006
20200408,20200407,73,165060073,233308453,22872,N,1,189,202006
20200408,20200407,73,165060073,234018133,22930,N,1,190,202006
20200408,20200407,73,165060073,234131210,22934,N,2,191,202006
20200408,20200407,73,165060073,234229841,22873,N,1,192,202006
20200408,20200407,73,165060073,234712380,22800,N,1,193,202006
20200408,20200407,73,165060073,234712380,22773,N,1,194,202006
20200408,20200407,73,165060073,235005115,22801,N,1,195,202006
20200408,20200407,73,165060073,235024902,22752,N,1,196,202006
20200408,20200407,73,165060073,235216471,22811,N,1,197,202006
20200408,20200407,73,165060073,235241800,22806,N,1,198,202006
20200408,20200407,73,165060073,235304260,22780,N,1,199,202006
20200408,20200407,73,165060073,235322240,22770,N,1,200,202006
20200408,20200407,73,165060073,235417300,22765,N,1,201,202006
20200408,20200407,73,165060073,235924373,22850,N,1,202,202006
20200408,20200407,73,165060073,000158289,22775,N,1,203,202006
20200408,20200407,73,165060073,000206515,22774,N,1,204,202006
20200408,20200407,73,165060073,001010569,22880,N,1,205,202006
20200408,20200407,73,165060073,001440770,22857,N,1,206,202006
20200408,20200407,73,165060073,001508417,22880,N,2,207,202006
20200408,20200407,73,165060073,002146012,22932,N,1,208,202006
20200408,20200407,73,165060073,002217904,22930,N,1,209,202006
20200408,20200407,73,165060073,002812636,22900,N,1,210,202006
20200408,20200407,73,165060073,002901997,22991,N,1,211,202006
20200408,20200407,73,165060073,003214835,23000,N,2,212,202006
20200408,20200407,73,165060073,003228914,23000,N,1,213,202006
20200408,20200407,73,165060073,003250955,23000,N,1,214,202006
20200408,20200407,73,165060073,003301677,23000,N,1,215,202006
20200408,20200407,73,165060073,004146731,23096,N,1,216,202006
20200408,20200407,73,165060073,005530469,23000,N,3,217,202006
20200408,20200407,73,165060073,005848145,23000,N,1,218,202006
20200408,20200407,73,165060073,010010179,23030,N,1,219,202006
20200408,20200407,73,165060073,010843224,23099,N,1,220,202006
20200408,20200407,73,165060073,010843642,23100,N,2,221,202006
20200408,20200407,73,165060073,010852616,23111,N,1,222,202006
20200408,20200407,73,165060073,011651544,23150,N,1,223,202006
20200408,20200407,73,165060073,011926434,23195,N,1,224,202006
20200408,20200407,73,165060073,011926434,23200,N,2,225,202006
20200408,20200407,73,165060073,014558400,23100,N,1,226,202006
20200408,20200407,73,165060073,014813552,23100,N,2,227,202006
20200408,20200407,73,165060073,014940688,23100,N,1,228,202006
20200408,20200407,73,165060073,020113658,23143,N,1,229,202006
20200408,20200407,73,165060073,021855151,23079,N,3,230,202006
20200408,20200407,73,165060073,021905368,23006,N,1,231,202006
20200408,20200407,73,165060073,022116006,22974,N,4,232,202006
20200408,20200407,73,165060073,022948222,23050,N,1,233,202006
20200408,20200407,73,165060073,024007414,22974,N,6,234,202006
20200408,20200407,73,165060073,025259651,22910,N,1,235,202006
20200408,20200407,73,165060073,030041279,22922,N,1,236,202006
20200408,20200407,73,165060073,030713171,22800,N,1,237,202006
20200408,20200407,73,165060073,030713175,22790,N,1,238,202006
20200408,20200407,73,165060073,033535834,22800,N,1,239,202006
20200408,20200407,73,165060073,034120437,22700,N,3,240,202006
20200408,20200407,73,165060073,034324315,22679,N,2,241,202006
20200408,20200407,73,165060073,034423308,22650,N,1,242,202006
20200408,20200407,73,165060073,034423311,22569,N,1,243,202006
20200408,20200407,73,165060073,035738622,22598,N,1,244,202006
20200408,20200407,73,165060073,040301019,22677,N,1,245,202006
20200408,20200407,73,165060073,041027947,22700,N,2,246,202006
20200408,20200407,73,165060073,042213108,22480,N,1,247,202006
20200408,20200407,73,165060073,042444650,22465,N,1,248,202006
20200408,20200407,73,165060073,042449269,22382,N,4,249,202006
20200408,20200407,73,165060073,042532912,22391,N,5,250,202006
20200408,20200407,73,165060073,043028170,22465,N,2,251,202006
20200408,20200407,73,165060073,043417285,22578,N,1,252,202006
20200408,20200407,73,165060073,043638295,22476,N,2,253,202006
20200408,20200407,73,165060073,044050367,22600,N,1,254,202006
20200408,20200407,73,165060073,044537370,22650,N,1,255,202006
20200408,20200407,73,165060073,044839755,22700,N,1,256,202006
20200408,20200407,73,165060073,050155136,22400,N,1,257,202006
20200408,20200407,73,165060073,050647145,22300,N,5,258,202006
20200408,20200407,73,165060073,050647270,22300,N,1,259,202006
20200408,20200407,73,165060073,050648140,22252,N,1,260,202006
20200408,20200407,73,165060073,050648140,22209,N,2,261,202006
20200408,20200407,73,165060073,050656835,22310,N,1,262,202006
20200408,20200407,73,165060073,051546760,22287,N,1,263,202006
20200408,20200407,73,165060073,051551482,22428,N,1,264,202006
20200408,20200407,73,165060073,051702226,22429,N,2,265,202006
20200408,20200407,73,165060073,053001019,22499,E,1,266,202006
20200408,20200408,73,165060073,084501051,22404,O,11,267,202006
20200408,20200408,73,165060073,084532396,22450,N,1,268,202006
20200408,20200408,73,165060073,084953334,22450,N,1,269,202006
20200408,20200408,73,165060073,085158762,22497,N,1,270,202006
20200408,20200408,73,165060073,085249795,22429,N,2,271,202006
20200408,20200408,73,165060073,085420004,22420,N,1,272,202006
20200408,20200408,73,165060073,085435541,22358,N,1,273,202006
20200408,20200408,73,165060073,085438487,22360,N,5,274,202006
20200408,20200408,73,165060073,085745335,22427,N,1,275,202006
20200408,20200408,73,165060073,090022678,22333,N,2,276,202006
20200408,20200408,73,165060073,090313544,22306,N,1,277,202006
20200408,20200408,73,165060073,090617886,22300,N,1,278,202006
20200408,20200408,73,165060073,091101604,22252,N,1,279,202006
20200408,20200408,73,165060073,091140938,22250,N,1,280,202006
20200408,20200408,73,165060073,092116808,22200,N,1,281,202006
20200408,20200408,73,165060073,092403283,22200,N,1,282,202006
20200408,20200408,73,165060073,092842057,22113,N,1,283,202006
20200408,20200408,73,165060073,092932351,22128,N,2,284,202006
20200408,20200408,73,165060073,093136364,22150,N,1,285,202006
20200408,20200408,73,165060073,093331127,22101,N,1,286,202006
20200408,20200408,73,165060073,094710078,22198,N,1,287,202006
20200408,20200408,73,165060073,095045898,22179,N,2,288,202006
20200408,20200408,73,165060073,100106121,22100,N,1,289,202006
20200408,20200408,73,165060073,100424127,22152,N,1,290,202006
20200408,20200408,73,165060073,101241201,22150,N,1,291,202006
20200408,20200408,73,165060073,101313399,22143,N,1,292,202006
20200408,20200408,73,165060073,101501920,22150,N,1,293,202006
20200408,20200408,73,165060073,101618189,22179,N,2,294,202006
20200408,20200408,73,165060073,101840219,22199,N,1,295,202006
20200408,20200408,73,165060073,102617385,22330,N,2,296,202006
20200408,20200408,73,165060073,102808928,22300,N,2,297,202006
20200408,20200408,73,165060073,103232527,22350,N,1,298,202006
20200408,20200408,73,165060073,103232529,22350,N,2,299,202006
20200408,20200408,73,165060073,104300998,22340,N,1,300,202006
20200408,20200408,73,165060073,104447607,22348,N,1,301,202006
20200408,20200408,73,165060073,104602616,22270,N,1,302,202006
20200408,20200408,73,165060073,104930306,22215,N,1,303,202006
20200408,20200408,73,165060073,105622465,22220,N,1,304,202006
20200408,20200408,73,165060073,111326799,22352,N,10,305,202006
20200408,20200408,73,165060073,112847309,22380,N,2,306,202006
20200408,20200408,73,165060073,112847309,22381,N,4,307,202006
20200408,20200408,73,165060073,115817226,22259,N,1,308,202006
20200408,20200408,73,165060073,115833982,22258,N,1,309,202006
20200408,20200408,73,165060073,120334876,22220,N,1,310,202006
20200408,20200408,73,165060073,120426125,22222,N,1,311,202006
20200408,20200408,73,165060073,124315270,22379,N,1,312,202006
20200408,20200408,73,165060073,130009368,22370,N,1,313,202006
20200408,20200408,73,165060073,130538520,22369,N,4,314,202006
20200408,20200408,73,165060073,131152803,22363,N,3,315,202006
20200408,20200408,73,165060073,131446211,22455,N,1,316,202006
20200408,20200408,73,165060073,131502138,22447,N,1,317,202006
20200408,20200408,73,165060073,131806634,22470,N,1,318,202006
20200408,20200408,73,165060073,132138336,22450,N,1,319,202006
20200408,20200408,73,165060073,132858820,22466,N,1,320,202006
20200408,20200408,73,165060073,132916846,22460,N,1,321,202006
20200408,20200408,73,165060073,133138432,22499,N,1,322,202006
20200408,20200408,73,165060073,133203501,22450,N,1,323,202006
20200408,20200408,73,165060073,135228044,22533,N,3,324,202006
20200408,20200408,73,165060073,135333207,22547,N,1,325,202006
20200408,20200408,73,165060073,135410583,22540,N,1,326,202006
20200408,20200408,73,165060073,135518078,22545,N,1,327,202006
20200408,20200408,73,165060073,140038756,22545,N,2,328,202006
20200408,20200408,73,165060073,140153260,22546,N,1,329,202006
20200408,20200408,73,165060073,140810007,22555,N,10,330,202006
20200408,20200408,73,165060073,140941363,22598,N,1,331,202006
20200408,20200408,73,165060073,140941626,22598,N,1,332,202006
20200408,20200408,73,165060073,140946869,22600,N,1,333,202006
20200408,20200408,73,165060073,140948671,22600,N,1,334,202006
20200408,20200408,73,165060073,141027475,22595,N,1,335,202006
20200408,20200408,73,165060073,141606488,22671,N,3,336,202006
20200408,20200408,73,165060073,141609383,22669,N,1,337,202006
20200408,20200408,73,165060073,141620725,22657,N,1,338,202006
20200408,20200408,73,165060073,141651672,22653,N,1,339,202006
20200408,20200408,73,165060073,141952625,22691,N,5,340,202006
20200408,20200408,73,165060073,142000122,22637,N,5,341,202006
20200408,20200408,73,165060073,142226922,22631,N,2,342,202006
20200408,20200408,73,165060073,142310288,22631,N,1,343,202006
20200408,20200408,73,165060073,142729003,22622,N,2,344,202006
20200408,20200408,73,165060073,143352328,22595,N,3,345,202006
20200408,20200408,73,165060073,143424398,22590,N,2,346,202006
20200408,20200408,73,165060073,143458753,22622,N,1,347,202006
20200408,20200408,73,165060073,144007900,22600,N,1,348,202006
20200408,20200408,73,165060073,144045519,22586,N,1,349,202006
20200408,20200408,73,165060073,144628260,22660,N,3,350,202006
20200408,20200408,73,165060073,145037157,22701,N,1,351,202006
20200408,20200408,73,165060073,145037232,22701,N,1,352,202006
20200408,20200408,73,165060073,145225524,22705,N,1,353,202006
20200408,20200408,73,165060073,145410783,22702,N,10,354,202006
20200408,20200408,73,165060073,145451197,22701,N,2,355,202006
20200408,20200408,73,165060073,145457671,22667,N,10,356,202006
20200408,20200408,73,165060073,145950407,22666,N,1,357,202006
20200408,20200408,73,165060073,150127599,22580,N,1,358,202006
20200408,20200408,73,165060073,150206388,22550,N,3,359,202006
20200408,20200408,73,165060073,150206500,22521,N,1,360,202006
20200408,20200408,73,165060073,150309594,22457,N,2,361,202006
20200408,20200408,73,165060073,150334287,22410,N,1,362,202006
20200408,20200408,73,165060073,150340107,22468,N,2,363,202006
20200408,20200408,73,165060073,150531265,22481,E,1,364,202006
20200408,20200408,73,166030073,091259006,22000,O,1,365,202103
20200409,20200408,73,165060073,163001046,22514,O,1,1,202006
20200409,20200408,73,165060073,163552666,22409,N,1,2,202006
20200409,20200408,73,165060073,164124845,22514,N,1,3,202006
20200409,20200408,73,165060073,164223686,22510,N,1,4,202006
20200409,20200408,73,165060073,170100732,22480,N,1,5,202006
20200409,20200408,73,165060073,170314543,22487,N,1,6,202006
20200409,20200408,73,165060073,170407973,22437,N,2,7,202006
20200409,20200408,73,165060073,170412675,22449,N,3,8,202006
20200409,20200408,73,165060073,171018146,22445,N,1,9,202006
20200409,20200408,73,165060073,171149406,22430,N,1,10,202006
20200409,20200408,73,165060073,171749948,22405,N,1,11,202006
20200409,20200408,73,165060073,171750151,22400,N,1,12,202006
20200409,20200408,73,165060073,172912544,22350,N,1,13,202006
20200409,20200408,73,165060073,174004219,22295,N,1,14,202006
20200409,20200408,73,165060073,174207606,22320,N,2,15,202006
20200409,20200408,73,165060073,174447598,22330,N,1,16,202006
20200409,20200408,73,165060073,175117469,22330,N,1,17,202006
20200409,20200408,73,165060073,175117469,22329,N,4,18,202006
20200409,20200408,73,165060073,175206205,22330,N,1,19,202006
20200409,20200408,73,165060073,175515902,22331,N,1,20,202006
20200409,20200408,73,165060073,180116934,22366,N,5,21,202006
20200409,20200408,73,165060073,181050973,22350,N,1,22,202006
20200409,20200408,73,165060073,181426034,22375,N,1,23,202006
20200409,20200408,73,165060073,181904533,22375,N,1,24,202006
20200409,20200408,73,165060073,183825962,22360,N,1,25,202006
20200409,20200408,73,165060073,184133899,22391,N,1,26,202006
20200409,20200408,73,165060073,185214650,22365,N,5,27,202006
20200409,20200408,73,165060073,185358136,22330,N,2,28,202006
20200409,20200408,73,165060073,185521465,22330,N,1,29,202006
20200409,20200408,73,165060073,185728822,22346,N,1,30,202006
20200409,20200408,73,165060073,190342531,22395,N,3,31,202006
20200409,20200408,73,165060073,190905749,22398,N,1,32,202006
20200409,20200408,73,165060073,191000300,22397,N,5,33,202006
20200409,20200408,73,165060073,191014229,22403,N,5,34,202006
20200409,20200408,73,165060073,191035446,22375,N,5,35,202006
20200409,20200408,73,165060073,191129963,22388,N,1,36,202006
20200409,20200408,73,165060073,191352296,22360,N,2,37,202006
20200409,20200408,73,165060073,191816464,22400,N,1,38,202006
20200409,20200408,73,165060073,193133379,22461,N,9,39,202006
20200409,20200408,73,165060073,193238832,22469,N,1,40,202006
20200409,20200408,73,165060073,194330382,22430,N,1,41,202006
20200409,20200408,73,165060073,195204075,22414,N,1,42,202006
20200409,20200408,73,165060073,195240542,22429,N,1,43,202006
20200409,20200408,73,165060073,195438915,22449,N,3,44,202006
20200409,20200408,73,165060073,195848006,22480,N,1,45,202006
20200409,20200408,73,165060073,200123773,22546,N,1,46,202006
20200409,20200408,73,165060073,200210758,22467,N,1,47,202006
20200409,20200408,73,165060073,201110690,22500,N,1,48,202006
20200409,20200408,73,165060073,201147398,22500,N,1,49,202006
20200409,20200408,73,165060073,201218263,22499,N,5,50,202006
20200409,20200408,73,165060073,201240374,22502,N,1,51,202006
20200409,20200408,73,165060073,201258166,22509,N,1,52,202006
20200409,20200408,73,165060073,201401388,22575,N,1,53,202006
20200409,20200408,73,165060073,201659333,22573,N,1,54,202006
20200409,20200408,73,165060073,202144289,22589,N,1,55,202006
20200409,20200408,73,165060073,203325531,22510,N,1,56,202006
20200409,20200408,73,165060073,210102510,22575,N,1,57,202006
20200409,20200408,73,165060073,210300841,22581,N,1,58,202006
20200409,20200408,73,165060073,210425200,22591,N,2,59,202006
20200409,20200408,73,165060073,210433509,22600,N,1,60,202006
20200409,20200408,73,165060073,210508636,22600,N,1,61,202006
20200409,20200408,73,165060073,211244371,22650,N,1,62,202006
20200409,20200408,73,165060073,211244857,22655,N,1,63,202006
20200409,20200408,73,165060073,211918517,22678,N,1,64,202006
20200409,20200408,73,165060073,212038684,22680,N,1,65,202006
20200409,20200408,73,165060073,212038697,22680,N,2,66,202006
20200409,20200408,73,165060073,212213437,22661,N,5,67,202006
20200409,20200408,73,165060073,212305851,22670,N,3,68,202006
20200409,20200408,73,165060073,213714355,22600,N,1,69,202006
20200409,20200408,73,165060073,213714359,22580,N,1,70,202006
20200409,20200408,73,165060073,215131808,22589,N,1,71,202006
20200409,20200408,73,165060073,215654054,22595,N,1,72,202006
20200409,20200408,73,165060073,215725636,22580,N,3,73,202006
20200409,20200408,73,165060073,221538162,22608,N,1,74,202006
20200409,20200408,73,165060073,223011784,22612,N,2,75,202006
20200409,20200408,73,165060073,223417669,22600,N,1,76,202006
20200409,20200408,73,165060073,223459667,22612,N,1,77,202006
20200409,20200408,73,165060073,223531094,22625,N,1,78,202006
20200409,20200408,73,165060073,223652755,22605,N,1,79,202006
20200409,20200408,73,165060073,224457629,22627,N,1,80,202006
20200409,20200408,73,165060073,224802152,22636,N,1,81,202006
20200409,20200408,73,165060073,225136530,22613,N,1,82,202006
20200409,20200408,73,165060073,225140769,22605,N,1,83,202006
20200409,20200408,73,165060073,225145695,22595,N,5,84,202006
20200409,20200408,73,165060073,225504268,22597,N,3,85,202006
20200409,20200408,73,165060073,231016887,22500,N,1,86,202006
20200409,20200408,73,165060073,231249535,22515,N,1,87,202006
20200409,20200408,73,165060073,231340965,22515,N,1,88,202006
20200409,20200408,73,165060073,231941912,22559,N,1,89,202006
20200409,20200408,73,165060073,232223387,22581,N,1,90,202006
