Trade_Date,Make_Date,Index_Type,Security_Code,Time,Trade_Price,Price_Type,Trade_Volume,No,Contract_Month
20200203,20200131,73,165030073,164043961,28737,O,1,1,202003
20200203,20200131,73,165030073,164831035,28741,N,2,2,202003
20200203,20200131,73,165030073,165548360,28730,N,10,3,202003
20200203,20200131,73,165030073,165548431,28730,N,2,4,202003
20200203,20200131,73,165030073,165634632,28725,N,10,5,202003
20200203,20200131,73,165030073,171051934,28720,N,1,6,202003
20200203,20200131,73,165030073,171846875,28740,N,5,7,202003
20200203,20200131,73,165030073,172023531,28731,N,1,8,202003
20200203,20200131,73,165030073,172648255,28706,N,1,9,202003
20200203,20200131,73,165030073,172711843,28710,N,1,10,202003
20200203,20200131,73,165030073,172810083,28712,N,1,11,202003
20200203,20200131,73,165030073,172814694,28715,N,1,12,202003
20200203,20200131,73,165030073,173431104,28695,N,1,13,202003
20200203,20200131,73,165030073,173509814,28698,N,1,14,202003
20200203,20200131,73,165030073,175634498,28710,N,1,15,202003
20200203,20200131,73,165030073,175921557,28696,N,1,16,202003
20200203,20200131,73,165030073,180428910,28716,N,10,17,202003
20200203,20200131,73,165030073,181051879,28704,N,10,18,202003
20200203,20200131,73,165030073,183320495,28696,N,6,19,202003
20200203,20200131,73,165030073,183352889,28696,N,4,20,202003
20200203,20200131,73,165030073,183352889,28695,N,3,21,202003
20200203,20200131,73,165030073,190423398,28677,N,2,22,202003
20200203,20200131,73,165030073,191728834,28660,N,1,23,202003
20200203,20200131,73,165030073,191728841,28661,N,1,24,202003
20200203,20200131,73,165030073,191744397,28664,N,1,25,202003
20200203,20200131,73,165030073,191856055,28661,N,1,26,202003
20200203,20200131,73,165030073,191917639,28663,N,1,27,202003
20200203,20200131,73,165030073,191948521,28665,N,1,28,202003
20200203,20200131,73,165030073,192142263,28650,N,2,29,202003
20200203,20200131,73,165030073,192357679,28637,N,1,30,202003
20200203,20200131,73,165030073,192400958,28630,N,1,31,202003
20200203,20200131,73,165030073,192449726,28617,N,4,32,202003
20200203,20200131,73,165030073,192459962,28617,N,6,33,202003
20200203,20200131,73,165030073,192501216,28619,N,1,34,202003
20200203,20200131,73,165030073,192556742,28638,N,1,35,202003
20200203,20200131,73,165030073,192750575,28620,N,1,36,202003
20200203,20200131,73,165030073,193403407,28580,N,2,37,202003
20200203,20200131,73,165030073,193412840,28580,N,1,38,202003
20200203,20200131,73,165030073,193453001,28576,N,3,39,202003
20200203,20200131,73,165030073,193501163,28574,N,4,40,202003
20200203,20200131,73,165030073,193517267,28579,N,1,41,202003
20200203,20200131,73,165030073,193618059,28591,N,1,42,202003
20200203,20200131,73,165030073,193702342,28593,N,1,43,202003
20200203,20200131,73,165030073,193735625,28599,N,1,44,202003
20200203,20200131,73,165030073,193740714,28599,N,1,45,202003
20200203,20200131,73,165030073,193757577,28601,N,1,46,202003
20200203,20200131,73,165030073,193839559,28590,N,1,47,202003
20200203,20200131,73,165030073,194003140,28592,N,1,48,202003
20200203,20200131,73,165030073,194120755,28595,N,1,49,202003
20200203,20200131,73,165030073,194253074,28598,N,1,50,202003
20200203,20200131,73,165030073,194440394,28599,N,1,51,202003
20200203,20200131,73,165030073,194538449,28588,N,2,52,202003
20200203,20200131,73,165030073,194601133,28594,N,1,53,202003
20200203,20200131,73,165030073,194929741,28615,N,1,54,202003
20200203,20200131,73,165030073,195011889,28615,N,1,55,202003
20200203,20200131,73,165030073,195112593,28620,N,1,56,202003
20200203,20200131,73,165030073,195726640,28622,N,1,57,202003
20200203,20200131,73,165030073,195748959,28627,N,1,58,202003
20200203,20200131,73,165030073,200613279,28644,N,1,59,202003
20200203,20200131,73,165030073,200757979,28644,N,1,60,202003
20200203,20200131,73,165030073,202515468,28636,N,2,61,202003
20200203,20200131,73,165030073,202523790,28634,N,5,62,202003
20200203,20200131,73,165030073,203206390,28628,N,1,63,202003
20200203,20200131,73,165030073,205534470,28634,N,4,64,202003
20200203,20200131,73,165030073,205613107,28635,N,4,65,202003
20200203,20200131,73,165030073,205649603,28640,N,1,66,202003
20200203,20200131,73,165030073,205715828,28640,N,4,67,202003
20200203,20200131,73,165030073,205845272,28638,N,4,68,202003
20200203,20200131,73,165030073,210000629,28655,N,1,69,202003
20200203,20200131,73,165030073,210018901,28655,N,1,70,202003
20200203,20200131,73,165030073,210047451,28658,N,1,71,202003
20200203,20200131,73,165030073,210222264,28663,N,1,72,202003
20200203,20200131,73,165030073,210224197,28662,N,1,73,202003
20200203,20200131,73,165030073,210549942,28644,N,1,74,202003
20200203,20200131,73,165030073,210942092,28657,N,5,75,202003
20200203,20200131,73,165030073,211745834,28669,N,1,76,202003
20200203,20200131,73,165030073,212552989,28670,N,1,77,202003
20200203,20200131,73,165030073,212604445,28673,N,1,78,202003
20200203,20200131,73,165030073,212825645,28662,N,20,79,202003
20200203,20200131,73,165030073,212825645,28661,N,21,80,202003
20200203,20200131,73,165030073,212825645,28660,N,7,81,202003
20200203,20200131,73,165030073,213959784,28682,N,1,82,202003
20200203,20200131,73,165030073,214205870,28683,N,1,83,202003
20200203,20200131,73,165030073,214209869,28684,N,1,84,202003
20200203,20200131,73,165030073,215207364,28657,N,1,85,202003
20200203,20200131,73,165030073,220209771,28627,N,9,86,202003
20200203,20200131,73,165030073,223838078,28635,N,3,87,202003
20200203,20200131,73,165030073,223838268,28635,N,1,88,202003
20200203,20200131,73,165030073,225322056,28635,N,6,89,202003
20200203,20200131,73,165030073,225322056,28635,N,4,90,202003
20200203,20200131,73,165030073,225342389,28634,N,1,91,202003
20200203,20200131,73,165030073,230735528,28635,N,1,92,202003
20200203,20200131,73,165030073,231553273,28660,N,21,93,202003
20200203,20200131,73,165030073,231553273,28661,N,3,94,202003
20200203,20200131,73,165030073,232153899,28634,N,5,95,202003
20200203,20200131,73,165030073,232155460,28634,N,1,96,202003
20200203,20200131,73,165030073,232155478,28634,N,1,97,202003
20200203,20200131,73,165030073,232155493,28634,N,1,98,202003
20200203,20200131,73,165030073,232214851,28634,N,10,99,202003
20200203,20200131,73,165030073,232221785,28634,N,6,100,202003
20200203,20200131,73,165030073,232548765,28627,N,4,101,202003
20200203,20200131,73,165030073,233018859,28637,N,8,102,202003
20200203,20200131,73,165030073,233018884,28637,N,11,103,202003
20200203,20200131,73,165030073,233018884,28637,N,11,104,202003
20200203,20200131,73,165030073,233018974,28637,N,10,105,202003
20200203,20200131,73,165030073,233122402,28657,N,10,106,202003
20200203,20200131,73,165030073,233122402,28658,N,10,107,202003
20200203,20200131,73,165030073,233312866,28589,N,1,108,202003
20200203,20200131,73,165030073,233343098,28578,N,10,109,202003
20200203,20200131,73,165030073,233406816,28580,N,10,110,202003
20200203,20200131,73,165030073,233406816,28579,N,1,111,202003
20200203,20200131,73,165030073,233406816,28573,N,9,112,202003
20200203,20200131,73,165030073,233426099,28588,N,2,113,202003
20200203,20200131,73,165030073,233514067,28567,N,4,114,202003
20200203,20200131,73,165030073,233514070,28567,N,1,115,202003
20200203,20200131,73,165030073,233514070,28567,N,1,116,202003
20200203,20200131,73,165030073,233514964,28567,N,4,117,202003
20200203,20200131,73,165030073,233606116,28556,N,5,118,202003
20200203,20200131,73,165030073,233624510,28566,N,1,119,202003
20200203,20200131,73,165030073,233659525,28572,N,10,120,202003
20200203,20200131,73,165030073,234202581,28569,N,5,121,202003
20200203,20200131,73,165030073,234326514,28580,N,9,122,202003
20200203,20200131,73,165030073,234652335,28547,N,1,123,202003
20200203,20200131,73,165030073,234724877,28558,N,1,124,202003
20200203,20200131,73,165030073,234812525,28553,N,1,125,202003
20200203,20200131,73,165030073,234843962,28554,N,1,126,202003
20200203,20200131,73,165030073,234849721,28552,N,1,127,202003
20200203,20200131,73,165030073,235030664,28544,N,1,128,202003
20200203,20200131,73,165030073,235549454,28536,N,1,129,202003
20200203,20200131,73,165030073,235611827,28528,N,1,130,202003
20200203,20200131,73,165030073,235618894,28544,N,1,131,202003
20200203,20200131,73,165030073,235707093,28539,N,1,132,202003
20200203,20200131,73,165030073,235720610,28540,N,1,133,202003
20200203,20200131,73,165030073,235847194,28573,N,1,134,202003
20200203,20200131,73,165030073,000234894,28530,N,1,135,202003
20200203,20200131,73,165030073,000409858,28500,N,2,136,202003
20200203,20200131,73,165030073,000504109,28489,N,3,137,202003
20200203,20200131,73,165030073,000536344,28484,N,1,138,202003
20200203,20200131,73,165030073,000539403,28482,N,1,139,202003
20200203,20200131,73,165030073,000547042,28490,N,1,140,202003
20200203,20200131,73,165030073,000713040,28508,N,1,141,202003
20200203,20200131,73,165030073,000725251,28507,N,3,142,202003
20200203,20200131,73,165030073,000805956,28493,N,3,143,202003
20200203,20200131,73,165030073,000905599,28488,N,1,144,202003
20200203,20200131,73,165030073,000953566,28493,N,1,145,202003
20200203,20200131,73,165030073,001003074,28492,N,1,146,202003
20200203,20200131,73,165030073,001021331,28483,N,1,147,202003
20200203,20200131,73,165030073,001102658,28500,N,1,148,202003
20200203,20200131,73,165030073,001147131,28526,N,1,149,202003
20200203,20200131,73,165030073,001251032,28507,N,1,150,202003
20200203,20200131,73,165030073,001304289,28495,N,1,151,202003
20200203,20200131,73,165030073,001404315,28489,N,1,152,202003
20200203,20200131,73,165030073,001500070,28493,N,1,153,202003
20200203,20200131,73,165030073,001514552,28481,N,1,154,202003
20200203,20200131,73,165030073,001544456,28475,N,1,155,202003
20200203,20200131,73,165030073,001601957,28479,N,1,156,202003
20200203,20200131,73,165030073,001630203,28482,N,1,157,202003
20200203,20200131,73,165030073,001653720,28472,N,2,158,202003
20200203,20200131,73,165030073,001718409,28470,N,1,159,202003
20200203,20200131,73,165030073,001718526,28467,N,1,160,202003
20200203,20200131,73,165030073,001745098,28471,N,1,161,202003
20200203,20200131,73,165030073,001806267,28465,N,5,162,202003
20200203,20200131,73,165030073,001811722,28465,N,4,163,202003
20200203,20200131,73,165030073,001835226,28477,N,1,164,202003
20200203,20200131,73,165030073,001840743,28483,N,1,165,202003
20200203,20200131,73,165030073,002017122,28494,N,1,166,202003
20200203,20200131,73,165030073,002032337,28509,N,1,167,202003
20200203,20200131,73,165030073,002034086,28509,N,1,168,202003
20200203,20200131,73,165030073,002110337,28501,N,1,169,202003
20200203,20200131,73,165030073,002115202,28483,N,1,170,202003
20200203,20200131,73,165030073,002120249,28491,N,1,171,202003
20200203,20200131,73,165030073,002251463,28518,N,1,172,202003
20200203,20200131,73,165030073,002718535,28501,N,1,173,202003
20200203,20200131,73,165030073,002937638,28470,N,1,174,202003
20200203,20200131,73,165030073,002956872,28460,N,2,175,202003
20200203,20200131,73,165030073,003000996,28458,N,1,176,202003
20200203,20200131,73,165030073,003007512,28460,N,1,177,202003
20200203,20200131,73,165030073,003022241,28472,N,1,178,202003
20200203,20200131,73,165030073,003126638,28470,N,4,179,202003
20200203,20200131,73,165030073,003126777,28470,N,1,180,202003
20200203,20200131,73,165030073,003126802,28470,N,1,181,202003
20200203,20200131,73,165030073,003126867,28470,N,1,182,202003
20200203,20200131,73,165030073,003126885,28470,N,1,183,202003
20200203,20200131,73,165030073,003126937,28470,N,1,184,202003
20200203,20200131,73,165030073,003127104,28470,N,1,185,202003
20200203,20200131,73,165030073,003240645,28467,N,5,186,202003
20200203,20200131,73,165030073,003240655,28467,N,4,187,202003
20200203,20200131,73,165030073,003240702,28467,N,3,188,202003
20200203,20200131,73,165030073,003241772,28467,N,11,189,202003
20200203,20200131,73,165030073,003257056,28467,N,7,190,202003
20200203,20200131,73,165030073,003520900,28458,N,1,191,202003
20200203,20200131,73,165030073,003628583,28454,N,1,192,202003
20200203,20200131,73,165030073,003715782,28455,N,2,193,202003
20200203,20200131,73,165030073,003736186,28450,N,3,194,202003
20200203,20200131,73,165030073,003752639,28454,N,1,195,202003
20200203,20200131,73,165030073,003757876,28449,N,1,196,202003
20200203,20200131,73,165030073,004013843,28440,N,1,197,202003
20200203,20200131,73,165030073,004033451,28439,N,1,198,202003
20200203,20200131,73,165030073,004124410,28446,N,1,199,202003
20200203,20200131,73,165030073,004316706,28467,N,1,200,202003
20200203,20200131,73,165030073,004403556,28433,N,1,201,202003
20200203,20200131,73,165030073,004450836,28434,N,10,202,202003
20200203,20200131,73,165030073,004508506,28439,N,1,203,202003
20200203,20200131,73,165030073,004636345,28439,N,1,204,202003
20200203,20200131,73,165030073,004648672,28437,N,6,205,202003
20200203,20200131,73,165030073,004648674,28437,N,1,206,202003
20200203,20200131,73,165030073,004650126,28434,N,3,207,202003
20200203,20200131,73,165030073,004750095,28449,N,1,208,202003
20200203,20200131,73,165030073,004917502,28449,N,2,209,202003
20200203,20200131,73,165030073,004917502,28452,N,8,210,202003
20200203,20200131,73,165030073,004938296,28441,N,5,211,202003
20200203,20200131,73,165030073,005011881,28429,N,1,212,202003
20200203,20200131,73,165030073,005023518,28421,N,1,213,202003
20200203,20200131,73,165030073,005023796,28420,N,1,214,202003
20200203,20200131,73,165030073,005023799,28416,N,1,215,202003
20200203,20200131,73,165030073,005023865,28416,N,1,216,202003
20200203,20200131,73,165030073,005031521,28411,N,1,217,202003
20200203,20200131,73,165030073,005031874,28412,N,1,218,202003
20200203,20200131,73,165030073,005037099,28412,N,1,219,202003
20200203,20200131,73,165030073,005102283,28410,N,1,220,202003
20200203,20200131,73,165030073,005104368,28406,N,1,221,202003
20200203,20200131,73,165030073,005135128,28402,N,3,222,202003
20200203,20200131,73,165030073,005319142,28402,N,1,223,202003
20200203,20200131,73,165030073,005321368,28400,N,1,224,202003
20200203,20200131,73,165030073,005321370,28400,N,1,225,202003
20200203,20200131,73,165030073,005321371,28400,N,1,226,202003
20200203,20200131,73,165030073,005321486,28400,N,1,227,202003
20200203,20200131,73,165030073,005357539,28400,N,12,228,202003
20200203,20200131,73,165030073,005357838,28400,N,1,229,202003
20200203,20200131,73,165030073,005500467,28415,N,1,230,202003
20200203,20200131,73,165030073,005510000,28420,N,1,231,202003
20200203,20200131,73,165030073,005523006,28427,N,1,232,202003
20200203,20200131,73,165030073,005535305,28433,N,1,233,202003
20200203,20200131,73,165030073,005613776,28414,N,1,234,202003
20200203,20200131,73,165030073,005733339,28403,N,1,235,202003
20200203,20200131,73,165030073,010003883,28403,N,1,236,202003
20200203,20200131,73,165030073,010015265,28406,N,1,237,202003
20200203,20200131,73,165030073,010138400,28410,N,1,238,202003
20200203,20200131,73,165030073,010323576,28418,N,5,239,202003
20200203,20200131,73,165030073,010323605,28418,N,4,240,202003
20200203,20200131,73,165030073,010323695,28418,N,3,241,202003
20200203,20200131,73,165030073,010324000,28418,N,22,242,202003
20200203,20200131,73,165030073,010329336,28418,N,10,243,202003
20200203,20200131,73,165030073,010332785,28418,N,4,244,202003
20200203,20200131,73,165030073,010421570,28445,N,1,245,202003
20200203,20200131,73,165030073,010426426,28441,N,1,246,202003
20200203,20200131,73,165030073,010524164,28416,N,10,247,202003
20200203,20200131,73,165030073,010638572,28398,N,1,248,202003
20200203,20200131,73,165030073,010655277,28387,N,10,249,202003
20200203,20200131,73,165030073,010655280,28367,N,5,250,202003
20200203,20200131,73,165030073,010655283,28367,N,1,251,202003
20200203,20200131,73,165030073,010655283,28367,N,5,252,202003
20200203,20200131,73,165030073,010746125,28387,N,1,253,202003
20200203,20200131,73,165030073,010803981,28388,N,1,254,202003
20200203,20200131,73,165030073,010841596,28382,N,1,255,202003
20200203,20200131,73,165030073,010900589,28377,N,1,256,202003
20200203,20200131,73,165030073,010920046,28377,N,1,257,202003
20200203,20200131,73,165030073,010934536,28378,N,1,258,202003
20200203,20200131,73,165030073,010939932,28379,N,10,259,202003
20200203,20200131,73,165030073,011000550,28371,N,3,260,202003
20200203,20200131,73,165030073,011003792,28371,N,1,261,202003
20200203,20200131,73,165030073,011011947,28369,N,1,262,202003
20200203,20200131,73,165030073,011036543,28385,N,1,263,202003
20200203,20200131,73,165030073,011044465,28376,N,1,264,202003
20200203,20200131,73,165030073,011049953,28378,N,1,265,202003
20200203,20200131,73,165030073,011056301,28392,N,1,266,202003
20200203,20200131,73,165030073,011103539,28395,N,1,267,202003
20200203,20200131,73,165030073,011120878,28409,N,1,268,202003
20200203,20200131,73,165030073,011136010,28391,N,1,269,202003
20200203,20200131,73,165030073,011157432,28388,N,1,270,202003
20200203,20200131,73,165030073,011250338,28383,N,3,271,202003
20200203,20200131,73,165030073,011254958,28380,N,1,272,202003
20200203,20200131,73,165030073,011254968,28380,N,3,273,202003
20200203,20200131,73,165030073,011319530,28379,N,4,274,202003
20200203,20200131,73,165030073,011406028,28375,N,1,275,202003
20200203,20200131,73,165030073,011428510,28367,N,1,276,202003
20200203,20200131,73,165030073,011439267,28376,N,3,277,202003
20200203,20200131,73,165030073,011520520,28352,N,1,278,202003
20200203,20200131,73,165030073,011520768,28359,N,1,279,202003
20200203,20200131,73,165030073,011526381,28356,N,2,280,202003
20200203,20200131,73,165030073,011528758,28350,N,1,281,202003
20200203,20200131,73,165030073,011538440,28343,N,1,282,202003
20200203,20200131,73,165030073,011546306,28342,N,1,283,202003
20200203,20200131,73,165030073,011551656,28330,N,1,284,202003
20200203,20200131,73,165030073,011551672,28330,N,1,285,202003
20200203,20200131,73,165030073,011551712,28330,N,1,286,202003
20200203,20200131,73,165030073,011551716,28330,N,2,287,202003
20200203,20200131,73,165030073,011557430,28327,N,1,288,202003
20200203,20200131,73,165030073,011601548,28320,N,1,289,202003
20200203,20200131,73,165030073,011601609,28320,N,1,290,202003
20200203,20200131,73,165030073,011601641,28316,N,1,291,202003
20200203,20200131,73,165030073,011612470,28322,N,10,292,202003
20200203,20200131,73,165030073,011631121,28340,N,1,293,202003
20200203,20200131,73,165030073,011642300,28342,N,1,294,202003
20200203,20200131,73,165030073,011653093,28343,N,1,295,202003
20200203,20200131,73,165030073,011726925,28350,N,1,296,202003
20200203,20200131,73,165030073,011728784,28348,N,1,297,202003
20200203,20200131,73,165030073,011735350,28356,N,1,298,202003
20200203,20200131,73,165030073,011741464,28359,N,1,299,202003
20200203,20200131,73,165030073,011741899,28355,N,1,300,202003
20200203,20200131,73,165030073,011807882,28360,N,1,301,202003
20200203,20200131,73,165030073,011814977,28363,N,1,302,202003
20200203,20200131,73,165030073,011824270,28370,N,1,303,202003
20200203,20200131,73,165030073,011828054,28377,N,1,304,202003
20200203,20200131,73,165030073,011903441,28378,N,1,305,202003
20200203,20200131,73,165030073,011924285,28380,N,2,306,202003
20200203,20200131,73,165030073,011937462,28378,N,1,307,202003
20200203,20200131,73,165030073,011937609,28378,N,1,308,202003
20200203,20200131,73,165030073,011938058,28378,N,1,309,202003
20200203,20200131,73,165030073,012000573,28380,N,1,310,202003
20200203,20200131,73,165030073,012002949,28376,N,1,311,202003
20200203,20200131,73,165030073,012009849,28365,N,1,312,202003
20200203,20200131,73,165030073,012016992,28369,N,1,313,202003
20200203,20200131,73,165030073,012029748,28371,N,1,314,202003
20200203,20200131,73,165030073,012038618,28365,N,1,315,202003
20200203,20200131,73,165030073,012046775,28364,N,1,316,202003
20200203,20200131,73,165030073,012104904,28373,N,1,317,202003
20200203,20200131,73,165030073,012106848,28369,N,2,318,202003
20200203,20200131,73,165030073,012106958,28371,N,1,319,202003
20200203,20200131,73,165030073,012136718,28379,N,1,320,202003
20200203,20200131,73,165030073,012231772,28383,N,1,321,202003
20200203,20200131,73,165030073,012258594,28377,N,1,322,202003
20200203,20200131,73,165030073,012322134,28375,N,1,323,202003
20200203,20200131,73,165030073,012328933,28384,N,1,324,202003
20200203,20200131,73,165030073,012341498,28380,N,1,325,202003
20200203,20200131,73,165030073,012405862,28374,N,1,326,202003
20200203,20200131,73,165030073,012416603,28369,N,1,327,202003
20200203,20200131,73,165030073,012442913,28369,N,1,328,202003
20200203,20200131,73,165030073,012628567,28350,N,1,329,202003
20200203,20200131,73,165030073,012733582,28367,N,1,330,202003
20200203,20200131,73,165030073,012754170,28372,N,1,331,202003
20200203,20200131,73,165030073,012803595,28367,N,1,332,202003
20200203,20200131,73,165030073,012812297,28356,N,1,333,202003
20200203,20200131,73,165030073,012819233,28356,N,1,334,202003
20200203,20200131,73,165030073,012826981,28356,N,1,335,202003
20200203,20200131,73,165030073,012846757,28348,N,1,336,202003
20200203,20200131,73,165030073,012859730,28340,N,1,337,202003
20200203,20200131,73,165030073,012933479,28351,N,2,338,202003
20200203,20200131,73,165030073,013241908,28345,N,1,339,202003
20200203,20200131,73,165030073,013251377,28347,N,1,340,202003
20200203,20200131,73,165030073,013423852,28360,N,1,341,202003
20200203,20200131,73,165030073,013625732,28379,N,1,342,202003
20200203,20200131,73,165030073,013635632,28377,N,3,343,202003
20200203,20200131,73,165030073,013643191,28372,N,3,344,202003
20200203,20200131,73,165030073,013728368,28349,N,1,345,202003
20200203,20200131,73,165030073,013816892,28331,N,1,346,202003
20200203,20200131,73,165030073,013836006,28316,N,1,347,202003
20200203,20200131,73,165030073,013836130,28315,N,1,348,202003
20200203,20200131,73,165030073,013848906,28316,N,1,349,202003
20200203,20200131,73,165030073,013856883,28314,N,1,350,202003
20200203,20200131,73,165030073,013905392,28313,N,1,351,202003
20200203,20200131,73,165030073,013909650,28311,N,1,352,202003
20200203,20200131,73,165030073,013915568,28312,N,1,353,202003
20200203,20200131,73,165030073,013916817,28306,N,3,354,202003
20200203,20200131,73,165030073,013925236,28312,N,1,355,202003
20200203,20200131,73,165030073,013926674,28313,N,1,356,202003
20200203,20200131,73,165030073,013929995,28317,N,1,357,202003
20200203,20200131,73,165030073,013933897,28315,N,1,358,202003
20200203,20200131,73,165030073,013947162,28325,N,1,359,202003
20200203,20200131,73,165030073,014004378,28338,N,1,360,202003
20200203,20200131,73,165030073,014107661,28341,N,3,361,202003
20200203,20200131,73,165030073,014130154,28336,N,5,362,202003
20200203,20200131,73,165030073,014225411,28346,N,2,363,202003
20200203,20200131,73,165030073,014304188,28350,N,1,364,202003
20200203,20200131,73,165030073,014346602,28357,N,1,365,202003
20200203,20200131,73,165030073,014357452,28364,N,1,366,202003
20200203,20200131,73,165030073,014520984,28388,N,1,367,202003
20200203,20200131,73,165030073,014621044,28397,N,1,368,202003
20200203,20200131,73,165030073,014638869,28402,N,1,369,202003
20200203,20200131,73,165030073,014642948,28402,N,4,370,202003
20200203,20200131,73,165030073,014659094,28409,N,1,371,202003
20200203,20200131,73,165030073,014731767,28411,N,2,372,202003
20200203,20200131,73,165030073,014804039,28410,N,1,373,202003
20200203,20200131,73,165030073,014825861,28392,N,1,374,202003
20200203,20200131,73,165030073,015020739,28378,N,1,375,202003
20200203,20200131,73,165030073,015154372,28375,N,1,376,202003
20200203,20200131,73,165030073,015154375,28375,N,2,377,202003
20200203,20200131,73,165030073,015346421,28380,N,1,378,202003
20200203,20200131,73,165030073,015714439,28396,N,1,379,202003
20200203,20200131,73,165030073,015749934,28399,N,1,380,202003
20200203,20200131,73,165030073,015952595,28407,N,1,381,202003
20200203,20200131,73,165030073,020002116,28412,N,1,382,202003
20200203,20200131,73,165030073,020027611,28403,N,1,383,202003
20200203,20200131,73,165030073,020034855,28397,N,1,384,202003
20200203,20200131,73,165030073,020047276,28391,N,1,385,202003
20200203,20200131,73,165030073,020518149,28390,N,1,386,202003
20200203,20200131,73,165030073,020611131,28390,N,2,387,202003
20200203,20200131,73,165030073,020617797,28385,N,1,388,202003
20200203,20200131,73,165030073,020912972,28386,N,1,389,202003
20200203,20200131,73,165030073,020939206,28387,N,1,390,202003
20200203,20200131,73,165030073,021112528,28382,N,1,391,202003
20200203,20200131,73,165030073,021136539,28378,N,1,392,202003
20200203,20200131,73,165030073,021237464,28399,N,1,393,202003
20200203,20200131,73,165030073,021414966,28365,N,1,394,202003
20200203,20200131,73,165030073,021717703,28359,N,1,395,202003
20200203,20200131,73,165030073,022321522,28352,N,1,396,202003
20200203,20200131,73,165030073,022510819,28343,N,1,397,202003
20200203,20200131,73,165030073,022518867,28348,N,1,398,202003
20200203,20200131,73,165030073,022653492,28351,N,1,399,202003
20200203,20200131,73,165030073,022922554,28367,N,1,400,202003
20200203,20200131,73,165030073,023009666,28357,N,1,401,202003
20200203,20200131,73,165030073,023301614,28338,N,4,402,202003
20200203,20200131,73,165030073,023301617,28338,N,1,403,202003
20200203,20200131,73,165030073,023332035,28343,N,1,404,202003
20200203,20200131,73,165030073,023507781,28301,N,5,405,202003
20200203,20200131,73,165030073,023508501,28301,N,5,406,202003
20200203,20200131,73,165030073,023508626,28301,N,5,407,202003
20200203,20200131,73,165030073,023508751,28301,N,5,408,202003
20200203,20200131,73,165030073,023509012,28300,N,1,409,202003
20200203,20200131,73,165030073,023522216,28290,N,1,410,202003
20200203,20200131,73,165030073,023547786,28276,N,1,411,202003
20200203,20200131,73,165030073,023630829,28265,N,1,412,202003
20200203,20200131,73,165030073,023632980,28260,N,3,413,202003
20200203,20200131,73,165030073,023743817,28261,N,10,414,202003
20200203,20200131,73,165030073,024045934,28260,N,1,415,202003
20200203,20200131,73,165030073,024104257,28260,N,1,416,202003
20200203,20200131,73,165030073,024115132,28260,N,1,417,202003
20200203,20200131,73,165030073,024252877,28274,N,1,418,202003
20200203,20200131,73,165030073,024311628,28271,N,1,419,202003
20200203,20200131,73,165030073,024440150,28317,N,1,420,202003
20200203,20200131,73,165030073,024511891,28312,N,1,421,202003
20200203,20200131,73,165030073,024645682,28282,N,1,422,202003
20200203,20200131,73,165030073,024742442,28282,N,2,423,202003
20200203,20200131,73,165030073,024745427,28284,N,1,424,202003
20200203,20200131,73,165030073,024805944,28285,N,1,425,202003
20200203,20200131,73,165030073,024904506,28274,N,1,426,202003
20200203,20200131,73,165030073,025000994,28274,N,1,427,202003
20200203,20200131,73,165030073,025009946,28265,N,1,428,202003
20200203,20200131,73,165030073,025057049,28250,N,1,429,202003
20200203,20200131,73,165030073,025112444,28245,N,1,430,202003
20200203,20200131,73,165030073,025324789,28259,N,1,431,202003
20200203,20200131,73,165030073,025334467,28256,N,10,432,202003
20200203,20200131,73,165030073,025437875,28290,N,1,433,202003
20200203,20200131,73,165030073,025549759,28297,N,2,434,202003
20200203,20200131,73,165030073,025909755,28284,N,1,435,202003
20200203,20200131,73,165030073,030139787,28315,N,1,436,202003
20200203,20200131,73,165030073,030852292,28279,N,1,437,202003
20200203,20200131,73,165030073,031719341,28256,N,1,438,202003
20200203,20200131,73,165030073,031753479,28248,N,1,439,202003
20200203,20200131,73,165030073,031944962,28260,N,1,440,202003
20200203,20200131,73,165030073,032041922,28245,N,1,441,202003
20200203,20200131,73,165030073,032041925,28245,N,4,442,202003
20200203,20200131,73,165030073,032454804,28283,N,1,443,202003
20200203,20200131,73,165030073,032506224,28285,N,1,444,202003
20200203,20200131,73,165030073,033026313,28256,N,1,445,202003
20200203,20200131,73,165030073,033622745,28235,N,1,446,202003
20200203,20200131,73,165030073,034027697,28228,N,1,447,202003
20200203,20200131,73,165030073,034137246,28223,N,1,448,202003
20200203,20200131,73,165030073,034504301,28200,N,1,449,202003
20200203,20200131,73,165030073,034504308,28200,N,3,450,202003
20200203,20200131,73,165030073,034504419,28194,N,6,451,202003
20200203,20200131,73,165030073,034926215,28214,N,1,452,202003
20200203,20200131,73,165030073,035303591,28215,N,1,453,202003
20200203,20200131,73,165030073,035347937,28222,N,1,454,202003
20200203,20200131,73,165030073,035840595,28237,N,1,455,202003
20200203,20200131,73,165030073,035934984,28239,N,1,456,202003
20200203,20200131,73,165030073,040223057,28266,N,1,457,202003
20200203,20200131,73,165030073,040253264,28262,N,1,458,202003
20200203,20200131,73,165030073,040550277,28272,N,1,459,202003
20200203,20200131,73,165030073,040846006,28269,N,1,460,202003
20200203,20200131,73,165030073,041248409,28267,N,1,461,202003
20200203,20200131,73,165030073,041636428,28256,N,1,462,202003
20200203,20200131,73,165030073,042027229,28258,N,1,463,202003
20200203,20200131,73,165030073,042141948,28240,N,13,464,202003
20200203,20200131,73,165030073,042141954,28240,N,9,465,202003
20200203,20200131,73,165030073,042141978,28240,N,8,466,202003
20200203,20200131,73,165030073,042142093,28228,N,1,467,202003
20200203,20200131,73,165030073,042203684,28230,N,1,468,202003
20200203,20200131,73,165030073,042420701,28220,N,5,469,202003
20200203,20200131,73,165030073,042708210,28225,N,1,470,202003
20200203,20200131,73,165030073,043056449,28231,N,1,471,202003
20200203,20200131,73,165030073,043220404,28253,N,1,472,202003
20200203,20200131,73,165030073,043654904,28273,N,1,473,202003
20200203,20200131,73,165030073,043924187,28265,N,1,474,202003
20200203,20200131,73,165030073,044100203,28261,N,1,475,202003
20200203,20200131,73,165030073,044620581,28239,N,2,476,202003
20200203,20200131,73,165030073,044706190,28226,N,2,477,202003
20200203,20200131,73,165030073,044813607,28230,N,1,478,202003
20200203,20200131,73,165030073,045439504,28240,N,1,479,202003
20200203,20200131,73,165030073,045443170,28235,N,1,480,202003
20200203,20200131,73,165030073,045822552,28250,N,1,481,202003
20200203,20200131,73,165030073,045848573,28250,N,1,482,202003
20200203,20200131,73,165030073,050014452,28244,N,2,483,202003
20200203,20200131,73,165030073,050529172,28227,N,1,484,202003
20200203,20200131,73,165030073,050557107,28227,N,1,485,202003
20200203,20200131,73,165030073,050729362,28217,N,1,486,202003
20200203,20200131,73,165030073,050839824,28214,N,1,487,202003
20200203,20200131,73,165030073,050937429,28203,N,1,488,202003
20200203,20200131,73,165030073,051026385,28199,N,1,489,202003
20200203,20200131,73,165030073,051521677,28176,N,1,490,202003
20200203,20200131,73,165030073,051521680,28171,N,1,491,202003
20200203,20200131,73,165030073,051535248,28170,N,1,492,202003
20200203,20200131,73,165030073,051702208,28192,N,1,493,202003
20200203,20200131,73,165030073,051709684,28189,N,1,494,202003
20200203,20200131,73,165030073,052224900,28199,N,2,495,202003
20200203,20200131,73,165030073,052333476,28199,N,1,496,202003
20200203,20200131,73,165030073,052341007,28193,N,2,497,202003
20200203,20200131,73,165030073,052352823,28193,N,2,498,202003
20200203,20200131,73,165030073,052402070,28196,N,2,499,202003
20200203,20200131,73,165030073,052442039,28191,N,1,500,202003
20200203,20200131,73,165030073,053001020,28150,E,2,501,202003
20200203,20200203,73,165030073,084501050,28256,O,27,502,202003
20200203,20200203,73,165030073,084533319,28251,N,1,503,202003
20200203,20200203,73,165030073,084540186,28251,N,1,504,202003
20200203,20200203,73,165030073,084545605,28251,N,1,505,202003
20200203,20200203,73,165030073,084545962,28251,N,1,506,202003
20200203,20200203,73,165030073,084554083,28250,N,1,507,202003
20200203,20200203,73,165030073,084601642,28231,N,3,508,202003
20200203,20200203,73,165030073,084607057,28240,N,2,509,202003
20200203,20200203,73,165030073,084616332,28250,N,1,510,202003
20200203,20200203,73,165030073,084629747,28245,N,1,511,202003
20200203,20200203,73,165030073,084650848,28249,N,1,512,202003
20200203,20200203,73,165030073,084717791,28250,N,1,513,202003
20200203,20200203,73,165030073,084738801,28250,N,1,514,202003
20200203,20200203,73,165030073,084834297,28246,N,1,515,202003
20200203,20200203,73,165030073,084839109,28244,N,1,516,202003
20200203,20200203,73,165030073,084839109,28247,N,5,517,202003
20200203,20200203,73,165030073,084841462,28248,N,2,518,202003
20200203,20200203,73,165030073,084853838,28240,N,1,519,202003
20200203,20200203,73,165030073,084854298,28239,N,3,520,202003
20200203,20200203,73,165030073,084909330,28240,N,1,521,202003
20200203,20200203,73,165030073,084914628,28239,N,1,522,202003
20200203,20200203,73,165030073,084918700,28239,N,1,523,202003
20200203,20200203,73,165030073,084941739,28236,N,3,524,202003
20200203,20200203,73,165030073,084955024,28236,N,3,525,202003
20200203,20200203,73,165030073,085008680,28236,N,3,526,202003
20200203,20200203,73,165030073,085015062,28236,N,1,527,202003
20200203,20200203,73,165030073,085035431,28222,N,1,528,202003
20200203,20200203,73,165030073,085037484,28222,N,1,529,202003
20200203,20200203,73,165030073,085040736,28221,N,3,530,202003
20200203,20200203,73,165030073,085049753,28227,N,1,531,202003
20200203,20200203,73,165030073,085055271,28219,N,3,532,202003
20200203,20200203,73,165030073,085104923,28224,N,1,533,202003
20200203,20200203,73,165030073,085127726,28234,N,1,534,202003
20200203,20200203,73,165030073,085211599,28221,N,1,535,202003
20200203,20200203,73,165030073,085411024,28218,N,3,536,202003
20200203,20200203,73,165030073,085434547,28223,N,3,537,202003
20200203,20200203,73,165030073,085452171,28224,N,6,538,202003
20200203,20200203,73,165030073,085536981,28235,N,1,539,202003
20200203,20200203,73,165030073,085544995,28236,N,1,540,202003
20200203,20200203,73,165030073,085613054,28236,N,1,541,202003
20200203,20200203,73,165030073,085621576,28236,N,1,542,202003
20200203,20200203,73,165030073,085632638,28237,N,1,543,202003
20200203,20200203,73,165030073,085634165,28237,N,10,544,202003
20200203,20200203,73,165030073,085857996,28235,N,3,545,202003
20200203,20200203,73,165030073,090003298,28245,N,1,546,202003
20200203,20200203,73,165030073,090007926,28246,N,5,547,202003
20200203,20200203,73,165030073,090122340,28229,N,1,548,202003
20200203,20200203,73,165030073,090123874,28227,N,3,549,202003
20200203,20200203,73,165030073,090500441,28234,N,1,550,202003
20200203,20200203,73,165030073,090502175,28242,N,1,551,202003
20200203,20200203,73,165030073,090727506,28236,N,1,552,202003
20200203,20200203,73,165030073,090804682,28240,N,1,553,202003
20200203,20200203,73,165030073,090804682,28241,N,1,554,202003
20200203,20200203,73,165030073,090804682,28242,N,22,555,202003
20200203,20200203,73,165030073,090946793,28242,N,1,556,202003
20200203,20200203,73,165030073,091000726,28244,N,1,557,202003
20200203,20200203,73,165030073,091004809,28239,N,5,558,202003
20200203,20200203,73,165030073,091006193,28242,N,1,559,202003
20200203,20200203,73,165030073,091023340,28247,N,1,560,202003
20200203,20200203,73,165030073,091041960,28250,N,1,561,202003
20200203,20200203,73,165030073,091042294,28251,N,4,562,202003
20200203,20200203,73,165030073,091048367,28251,N,1,563,202003
20200203,20200203,73,165030073,091052375,28247,N,3,564,202003
20200203,20200203,73,165030073,091057570,28246,N,1,565,202003
20200203,20200203,73,165030073,091058282,28239,N,1,566,202003
20200203,20200203,73,165030073,091058282,28239,N,1,567,202003
20200203,20200203,73,165030073,091058283,28239,N,1,568,202003
20200203,20200203,73,165030073,091116623,28251,N,1,569,202003
20200203,20200203,73,165030073,091117455,28248,N,1,570,202003
20200203,20200203,73,165030073,091118763,28254,N,1,571,202003
20200203,20200203,73,165030073,091146993,28259,N,1,572,202003
20200203,20200203,73,165030073,091204957,28260,N,1,573,202003
20200203,20200203,73,165030073,091211147,28264,N,1,574,202003
20200203,20200203,73,165030073,091211147,28266,N,1,575,202003
20200203,20200203,73,165030073,091218858,28262,N,1,576,202003
20200203,20200203,73,165030073,091222255,28263,N,1,577,202003
20200203,20200203,73,165030073,091232904,28264,N,1,578,202003
20200203,20200203,73,165030073,091233857,28263,N,4,579,202003
20200203,20200203,73,165030073,091233857,28263,N,1,580,202003
20200203,20200203,73,165030073,091245862,28262,N,1,581,202003
20200203,20200203,73,165030073,091245862,28263,N,3,582,202003
20200203,20200203,73,165030073,091418663,28256,N,1,583,202003
20200203,20200203,73,165030073,091551855,28250,N,1,584,202003
20200203,20200203,73,165030073,091615496,28240,N,1,585,202003
20200203,20200203,73,165030073,091615496,28240,N,2,586,202003
20200203,20200203,73,165030073,091615497,28240,N,1,587,202003
20200203,20200203,73,165030073,091615498,28240,N,1,588,202003
20200203,20200203,73,165030073,091901024,28243,N,9,589,202003
20200203,20200203,73,165030073,091906596,28246,N,2,590,202003
20200203,20200203,73,165030073,091942866,28238,N,1,591,202003
20200203,20200203,73,165030073,092004948,28245,N,3,592,202003
20200203,20200203,73,165030073,092032150,28244,N,1,593,202003
20200203,20200203,73,165030073,092032150,28245,N,1,594,202003
20200203,20200203,73,165030073,092130935,28250,N,1,595,202003
20200203,20200203,73,165030073,092207138,28252,N,1,596,202003
20200203,20200203,73,165030073,092207594,28252,N,1,597,202003
20200203,20200203,73,165030073,092209922,28252,N,1,598,202003
20200203,20200203,73,165030073,092211146,28252,N,1,599,202003
20200203,20200203,73,165030073,092212311,28252,N,3,600,202003
20200203,20200203,73,165030073,092212316,28251,N,3,601,202003
20200203,20200203,73,165030073,092304212,28252,N,2,602,202003
20200203,20200203,73,165030073,092304336,28252,N,3,603,202003
20200203,20200203,73,165030073,092748456,28253,N,1,604,202003
20200203,20200203,73,165030073,092751869,28252,N,1,605,202003
20200203,20200203,73,165030073,093017243,28260,N,1,606,202003
20200203,20200203,73,165030073,093020887,28255,N,1,607,202003
20200203,20200203,73,165030073,093541121,28274,N,1,608,202003
20200203,20200203,73,165030073,093603742,28285,N,1,609,202003
20200203,20200203,73,165030073,093624280,28294,N,1,610,202003
20200203,20200203,73,165030073,093753259,28293,N,1,611,202003
20200203,20200203,73,165030073,093755038,28294,N,1,612,202003
20200203,20200203,73,165030073,093756744,28299,N,1,613,202003
20200203,20200203,73,165030073,093756747,28300,N,2,614,202003
20200203,20200203,73,165030073,093756747,28304,N,9,615,202003
20200203,20200203,73,165030073,093756755,28303,N,1,616,202003
20200203,20200203,73,165030073,093756755,28304,N,1,617,202003
20200203,20200203,73,165030073,093756755,28306,N,5,618,202003
20200203,20200203,73,165030073,093800733,28310,N,5,619,202003
20200203,20200203,73,165030073,093812613,28321,N,1,620,202003
20200203,20200203,73,165030073,093812613,28322,N,1,621,202003
20200203,20200203,73,165030073,093812613,28323,N,1,622,202003
20200203,20200203,73,165030073,093812613,28324,N,2,623,202003
20200203,20200203,73,165030073,093817302,28322,N,1,624,202003
20200203,20200203,73,165030073,093917788,28313,N,1,625,202003
20200203,20200203,73,165030073,093917788,28313,N,1,626,202003
20200203,20200203,73,165030073,093917797,28313,N,1,627,202003
20200203,20200203,73,165030073,093917800,28313,N,1,628,202003
20200203,20200203,73,165030073,094027587,28315,N,1,629,202003
20200203,20200203,73,165030073,094027587,28316,N,2,630,202003
20200203,20200203,73,165030073,094053433,28312,N,1,631,202003
20200203,20200203,73,165030073,094128689,28301,N,1,632,202003
20200203,20200203,73,165030073,094128699,28301,N,1,633,202003
20200203,20200203,73,165030073,094128713,28301,N,1,634,202003
20200203,20200203,73,165030073,094212317,28308,N,1,635,202003
20200203,20200203,73,165030073,094212721,28308,N,1,636,202003
20200203,20200203,73,165030073,094213150,28308,N,1,637,202003
20200203,20200203,73,165030073,094213776,28308,N,3,638,202003
20200203,20200203,73,165030073,094406986,28320,N,1,639,202003
20200203,20200203,73,165030073,094418960,28316,N,5,640,202003
20200203,20200203,73,165030073,094419113,28316,N,16,641,202003
20200203,20200203,73,165030073,094429920,28319,N,1,642,202003
20200203,20200203,73,165030073,094639201,28345,N,1,643,202003
20200203,20200203,73,165030073,094650603,28350,N,1,644,202003
20200203,20200203,73,165030073,094650606,28356,N,1,645,202003
20200203,20200203,73,165030073,094652728,28356,N,1,646,202003
20200203,20200203,73,165030073,094745784,28347,N,1,647,202003
20200203,20200203,73,165030073,094933163,28337,N,12,648,202003
20200203,20200203,73,165030073,094933163,28338,N,15,649,202003
20200203,20200203,73,165030073,094954111,28333,N,3,650,202003
20200203,20200203,73,165030073,094955114,28331,N,1,651,202003
20200203,20200203,73,165030073,095004073,28324,N,1,652,202003
20200203,20200203,73,165030073,095223488,28319,N,1,653,202003
20200203,20200203,73,165030073,095228258,28318,N,1,654,202003
20200203,20200203,73,165030073,095230895,28322,N,1,655,202003
20200203,20200203,73,165030073,095243331,28317,N,1,656,202003
20200203,20200203,73,165030073,095402012,28315,N,1,657,202003
20200203,20200203,73,165030073,095402012,28314,N,10,658,202003
20200203,20200203,73,165030073,095418682,28317,N,4,659,202003
20200203,20200203,73,165030073,095544103,28326,N,1,660,202003
20200203,20200203,73,165030073,095544103,28327,N,1,661,202003
20200203,20200203,73,165030073,095544103,28328,N,3,662,202003
20200203,20200203,73,165030073,095544103,28329,N,1,663,202003
20200203,20200203,73,165030073,095544103,28330,N,1,664,202003
20200203,20200203,73,165030073,095544103,28331,N,1,665,202003
20200203,20200203,73,165030073,095544106,28326,N,1,666,202003
20200203,20200203,73,165030073,095544120,28326,N,5,667,202003
20200203,20200203,73,165030073,095621041,28329,N,1,668,202003
20200203,20200203,73,165030073,095800817,28323,N,1,669,202003
20200203,20200203,73,165030073,100017286,28285,N,1,670,202003
20200203,20200203,73,165030073,100017286,28284,N,3,671,202003
20200203,20200203,73,165030073,100019501,28276,N,3,672,202003
20200203,20200203,73,165030073,100022041,28299,N,1,673,202003
20200203,20200203,73,165030073,100025085,28293,N,1,674,202003
20200203,20200203,73,165030073,100043373,28293,N,2,675,202003
20200203,20200203,73,165030073,100533699,28280,N,1,676,202003
20200203,20200203,73,165030073,100545125,28286,N,1,677,202003
20200203,20200203,73,165030073,100603813,28294,N,1,678,202003
20200203,20200203,73,165030073,100636356,28294,N,1,679,202003
20200203,20200203,73,165030073,100749409,28312,N,1,680,202003
20200203,20200203,73,165030073,100749445,28312,N,1,681,202003
20200203,20200203,73,165030073,100749716,28312,N,1,682,202003
20200203,20200203,73,165030073,100815904,28318,N,1,683,202003
20200203,20200203,73,165030073,100901802,28318,N,1,684,202003
20200203,20200203,73,165030073,100914845,28321,N,1,685,202003
20200203,20200203,73,165030073,100916688,28321,N,1,686,202003
20200203,20200203,73,165030073,101034711,28328,N,1,687,202003
20200203,20200203,73,165030073,101213101,28340,N,1,688,202003
20200203,20200203,73,165030073,101240475,28335,N,1,689,202003
20200203,20200203,73,165030073,101321484,28332,N,1,690,202003
20200203,20200203,73,165030073,102329919,28292,N,1,691,202003
20200203,20200203,73,165030073,102423867,28281,N,1,692,202003
20200203,20200203,73,165030073,102423926,28282,N,1,693,202003
20200203,20200203,73,165030073,102430009,28290,N,1,694,202003
20200203,20200203,73,165030073,102456946,28296,N,1,695,202003
20200203,20200203,73,165030073,102456946,28297,N,9,696,202003
20200203,20200203,73,165030073,102553886,28311,N,1,697,202003
20200203,20200203,73,165030073,102553886,28310,N,1,698,202003
20200203,20200203,73,165030073,102607227,28308,N,1,699,202003
20200203,20200203,73,165030073,102611149,28309,N,1,700,202003
20200203,20200203,73,165030073,102617724,28310,N,1,701,202003
20200203,20200203,73,165030073,102653490,28307,N,1,702,202003
20200203,20200203,73,165030073,103003956,28304,N,1,703,202003
20200203,20200203,73,165030073,103012044,28295,N,1,704,202003
20200203,20200203,73,165030073,103048349,28309,N,1,705,202003
20200203,20200203,73,165030073,103132961,28321,N,1,706,202003
20200203,20200203,73,165030073,103224377,28326,N,1,707,202003
20200203,20200203,73,165030073,103242347,28328,N,1,708,202003
20200203,20200203,73,165030073,103248325,28337,N,1,709,202003
20200203,20200203,73,165030073,103332169,28365,N,1,710,202003
20200203,20200203,73,165030073,103332248,28369,N,2,711,202003
20200203,20200203,73,165030073,103332295,28370,N,1,712,202003
20200203,20200203,73,165030073,103336109,28368,N,1,713,202003
20200203,20200203,73,165030073,103336115,28368,N,1,714,202003
20200203,20200203,73,165030073,103336116,28368,N,1,715,202003
20200203,20200203,73,165030073,103336522,28366,N,1,716,202003
20200203,20200203,73,165030073,103341328,28372,N,1,717,202003
20200203,20200203,73,165030073,103408450,28367,N,5,718,202003
20200203,20200203,73,165030073,103408584,28372,N,1,719,202003
20200203,20200203,73,165030073,103409497,28370,N,1,720,202003
20200203,20200203,73,165030073,103438413,28369,N,1,721,202003
20200203,20200203,73,165030073,103458468,28364,N,1,722,202003
20200203,20200203,73,165030073,103458510,28364,N,1,723,202003
20200203,20200203,73,165030073,103607939,28370,N,1,724,202003
20200203,20200203,73,165030073,103721120,28380,N,1,725,202003
20200203,20200203,73,165030073,103823736,28387,N,1,726,202003
20200203,20200203,73,165030073,103825804,28387,N,1,727,202003
20200203,20200203,73,165030073,103843269,28381,N,2,728,202003
20200203,20200203,73,165030073,103850482,28384,N,1,729,202003
20200203,20200203,73,165030073,103900443,28385,N,1,730,202003
20200203,20200203,73,165030073,103903264,28382,N,1,731,202003
20200203,20200203,73,165030073,103903265,28380,N,8,732,202003
20200203,20200203,73,165030073,103903267,28380,N,9,733,202003
20200203,20200203,73,165030073,103903277,28379,N,1,734,202003
20200203,20200203,73,165030073,103903286,28377,N,1,735,202003
20200203,20200203,73,165030073,103917963,28377,N,7,736,202003
20200203,20200203,73,165030073,103922174,28374,N,1,737,202003
20200203,20200203,73,165030073,103929428,28371,N,1,738,202003
20200203,20200203,73,165030073,103937972,28382,N,1,739,202003
20200203,20200203,73,165030073,103938274,28396,N,1,740,202003
20200203,20200203,73,165030073,103938336,28384,N,2,741,202003
20200203,20200203,73,165030073,104036857,28385,N,1,742,202003
20200203,20200203,73,165030073,104133349,28396,N,1,743,202003
20200203,20200203,73,165030073,104136673,28397,N,1,744,202003
20200203,20200203,73,165030073,104206107,28398,N,1,745,202003
20200203,20200203,73,165030073,104249942,28396,N,2,746,202003
20200203,20200203,73,165030073,104249943,28396,N,4,747,202003
20200203,20200203,73,165030073,104304254,28401,N,1,748,202003
20200203,20200203,73,165030073,104304297,28405,N,1,749,202003
20200203,20200203,73,165030073,104304421,28405,N,4,750,202003
20200203,20200203,73,165030073,104337549,28398,N,2,751,202003
20200203,20200203,73,165030073,104354915,28393,N,1,752,202003
20200203,20200203,73,165030073,104409396,28377,N,1,753,202003
20200203,20200203,73,165030073,104502299,28374,N,1,754,202003
20200203,20200203,73,165030073,104502299,28375,N,1,755,202003
20200203,20200203,73,165030073,104502299,28376,N,1,756,202003
20200203,20200203,73,165030073,104502358,28377,N,1,757,202003
20200203,20200203,73,165030073,104506225,28384,N,1,758,202003
20200203,20200203,73,165030073,104846592,28359,N,1,759,202003
20200203,20200203,73,165030073,104853408,28358,N,1,760,202003
20200203,20200203,73,165030073,105003139,28366,N,1,761,202003
20200203,20200203,73,165030073,105318385,28386,N,1,762,202003
20200203,20200203,73,165030073,105454928,28384,N,1,763,202003
20200203,20200203,73,165030073,105454928,28385,N,1,764,202003
20200203,20200203,73,165030073,105518956,28378,N,5,765,202003
20200203,20200203,73,165030073,105519081,28378,N,5,766,202003
20200203,20200203,73,165030073,105901435,28394,N,1,767,202003
20200203,20200203,73,165030073,110010683,28398,N,1,768,202003
20200203,20200203,73,165030073,110409433,28390,N,1,769,202003
20200203,20200203,73,165030073,110518859,28388,N,1,770,202003
20200203,20200203,73,165030073,110610942,28383,N,1,771,202003
20200203,20200203,73,165030073,110759601,28370,N,1,772,202003
20200203,20200203,73,165030073,111110372,28363,N,1,773,202003
20200203,20200203,73,165030073,111110372,28362,N,1,774,202003
20200203,20200203,73,165030073,111139128,28359,N,1,775,202003
20200203,20200203,73,165030073,111139128,28358,N,1,776,202003
20200203,20200203,73,165030073,111213488,28361,N,1,777,202003
20200203,20200203,73,165030073,111525102,28350,N,1,778,202003
20200203,20200203,73,165030073,111531986,28350,N,1,779,202003
20200203,20200203,73,165030073,111531987,28350,N,1,780,202003
20200203,20200203,73,165030073,111531993,28350,N,1,781,202003
20200203,20200203,73,165030073,112022420,28367,N,1,782,202003
20200203,20200203,73,165030073,113119700,28359,N,1,783,202003
20200203,20200203,73,165030073,113305749,28359,N,1,784,202003
20200203,20200203,73,165030073,113533833,28350,N,1,785,202003
20200203,20200203,73,165030073,114447562,28336,N,1,786,202003
20200203,20200203,73,165030073,114447565,28336,N,1,787,202003
20200203,20200203,73,165030073,114447568,28336,N,1,788,202003
20200203,20200203,73,165030073,114816266,28333,N,1,789,202003
20200203,20200203,73,165030073,115147060,28333,N,2,790,202003
20200203,20200203,73,165030073,120359287,28333,N,1,791,202003
20200203,20200203,73,165030073,120936609,28332,N,1,792,202003
20200203,20200203,73,165030073,121235571,28330,N,1,793,202003
20200203,20200203,73,165030073,121334655,28334,N,1,794,202003
20200203,20200203,73,165030073,122710626,28365,N,1,795,202003
20200203,20200203,73,165030073,122711709,28365,N,1,796,202003
20200203,20200203,73,165030073,123105843,28363,N,1,797,202003
20200203,20200203,73,165030073,123105849,28363,N,1,798,202003
20200203,20200203,73,165030073,123105970,28362,N,1,799,202003
20200203,20200203,73,165030073,123110337,28362,N,1,800,202003
20200203,20200203,73,165030073,123234070,28374,N,1,801,202003
20200203,20200203,73,165030073,123728292,28370,N,5,802,202003
20200203,20200203,73,165030073,123728418,28370,N,5,803,202003
20200203,20200203,73,165030073,123733784,28370,N,2,804,202003
20200203,20200203,73,165030073,123734031,28368,N,2,805,202003
20200203,20200203,73,165030073,123759996,28368,N,1,806,202003
20200203,20200203,73,165030073,123956153,28366,N,1,807,202003
20200203,20200203,73,165030073,124122281,28366,N,1,808,202003
20200203,20200203,73,165030073,124236207,28360,N,5,809,202003
20200203,20200203,73,165030073,124237224,28362,N,1,810,202003
20200203,20200203,73,165030073,124256048,28360,N,1,811,202003
20200203,20200203,73,165030073,124439633,28362,N,1,812,202003
20200203,20200203,73,165030073,124644413,28355,N,1,813,202003
20200203,20200203,73,165030073,124746834,28357,N,1,814,202003
20200203,20200203,73,165030073,124746834,28358,N,1,815,202003
20200203,20200203,73,165030073,124926128,28359,N,2,816,202003
20200203,20200203,73,165030073,125209234,28361,N,2,817,202003
20200203,20200203,73,165030073,125307735,28369,N,1,818,202003
20200203,20200203,73,165030073,125307735,28370,N,1,819,202003
20200203,20200203,73,165030073,125421219,28369,N,2,820,202003
20200203,20200203,73,165030073,130230263,28354,N,1,821,202003
20200203,20200203,73,165030073,130230263,28353,N,1,822,202003
20200203,20200203,73,165030073,134102197,28359,N,5,823,202003
20200203,20200203,73,165030073,134102208,28359,N,1,824,202003
20200203,20200203,73,165030073,134119135,28359,N,5,825,202003
20200203,20200203,73,165030073,134119135,28359,N,4,826,202003
20200203,20200203,73,165030073,134119136,28359,N,9,827,202003
20200203,20200203,73,165030073,134215890,28362,N,6,828,202003
20200203,20200203,73,165030073,134523527,28361,N,3,829,202003
20200203,20200203,73,165030073,134544240,28361,N,12,830,202003
20200203,20200203,73,165030073,135112501,28363,N,1,831,202003
20200203,20200203,73,165030073,135336264,28369,N,1,832,202003
20200203,20200203,73,165030073,135336264,28369,N,1,833,202003
20200203,20200203,73,165030073,140107596,28367,N,1,834,202003
20200203,20200203,73,165030073,141817345,28400,N,1,835,202003
20200203,20200203,73,165030073,142533073,28401,N,6,836,202003
20200203,20200203,73,165030073,142533210,28401,N,4,837,202003
20200203,20200203,73,165030073,142552188,28401,N,1,838,202003
20200203,20200203,73,165030073,142821067,28390,N,1,839,202003
20200203,20200203,73,165030073,143329983,28392,N,3,840,202003
20200203,20200203,73,165030073,144128976,28385,N,1,841,202003
20200203,20200203,73,165030073,144147020,28386,N,1,842,202003
20200203,20200203,73,165030073,144816301,28376,N,1,843,202003
20200203,20200203,73,165030073,150018235,28378,N,1,844,202003
20200203,20200203,73,165030073,150034661,28377,N,1,845,202003
20200203,20200203,73,165030073,150421261,28360,N,1,846,202003
20200203,20200203,73,165030073,150634245,28360,N,1,847,202003
20200203,20200203,73,165030073,150832149,28355,N,1,848,202003
20200203,20200203,73,165030073,151501009,28344,E,3,849,202003
20200203,20200131,73,165060073,212203859,28790,O,1,850,202006
20200203,20200131,73,165060073,212543208,28739,N,1,851,202006
20200203,20200131,73,165060073,235632509,28458,N,1,852,202006
20200203,20200131,73,165060073,235632511,28436,N,1,853,202006
20200203,20200131,73,165060073,005437051,28388,N,1,854,202006
20200203,20200131,73,165060073,011534607,28300,N,1,855,202006
20200203,20200131,73,165060073,012024794,28339,N,1,856,202006
20200203,20200131,73,165060073,013910421,28260,N,1,857,202006
20200203,20200131,73,165060073,031942458,28260,N,3,858,202006
20200203,20200131,73,165060073,035227088,28259,E,1,859,202006
20200203,20200203,73,165060073,084501050,28061,O,9,860,202006
20200203,20200203,73,165060073,094346622,28330,N,1,861,202006
20200203,20200203,73,165060073,123910043,28200,N,1,862,202006
20200203,20200203,73,165060073,150005688,28266,E,1,863,202006
20200204,20200203,73,165030073,163001045,28352,O,1,1,202003
20200204,20200203,73,165030073,163614368,28367,N,2,2,202003
20200204,20200203,73,165030073,164958957,28365,N,1,3,202003
20200204,20200203,73,165030073,165736745,28348,N,1,4,202003
20200204,20200203,73,165030073,171301009,28310,N,2,5,202003
20200204,20200203,73,165030073,171350077,28300,N,1,6,202003
20200204,20200203,73,165030073,171350080,28293,N,1,7,202003
20200204,20200203,73,165030073,171458183,28298,N,2,8,202003
20200204,20200203,73,165030073,171526482,28293,N,2,9,202003
20200204,20200203,73,165030073,171744216,28295,N,1,10,202003
20200204,20200203,73,165030073,171815404,28295,N,1,11,202003
20200204,20200203,73,165030073,172000009,28295,N,1,12,202003
20200204,20200203,73,165030073,172025610,28290,N,1,13,202003
20200204,20200203,73,165030073,172440898,28270,N,1,14,202003
20200204,20200203,73,165030073,172440904,28270,N,1,15,202003
20200204,20200203,73,165030073,172440905,28270,N,4,16,202003
20200204,20200203,73,165030073,172742066,28276,N,1,17,202003
20200204,20200203,73,165030073,172907147,28280,N,6,18,202003
20200204,20200203,73,165030073,172923256,28280,N,6,19,202003
20200204,20200203,73,165030073,172935680,28280,N,1,20,202003
20200204,20200203,73,165030073,173002356,28282,N,1,21,202003
20200204,20200203,73,165030073,173344549,28279,N,1,22,202003
20200204,20200203,73,165030073,173812694,28290,N,1,23,202003
20200204,20200203,73,165030073,175158026,28343,N,1,24,202003
20200204,20200203,73,165030073,175909156,28330,N,1,25,202003
20200204,20200203,73,165030073,180132257,28314,N,1,26,202003
20200204,20200203,73,165030073,180805593,28280,N,2,27,202003
20200204,20200203,73,165030073,182909602,28287,N,1,28,202003
20200204,20200203,73,165030073,183811631,28273,N,1,29,202003
20200204,20200203,73,165030073,183906878,28271,N,3,30,202003
20200204,20200203,73,165030073,184453973,28265,N,3,31,202003
20200204,20200203,73,165030073,185010541,28278,N,1,32,202003
20200204,20200203,73,165030073,185349068,28264,N,1,33,202003
20200204,20200203,73,165030073,190134832,28255,N,1,34,202003
20200204,20200203,73,165030073,190236103,28250,N,1,35,202003
20200204,20200203,73,165030073,190236106,28244,N,1,36,202003
20200204,20200203,73,165030073,192026430,28275,N,1,37,202003
20200204,20200203,73,165030073,192045995,28276,N,1,38,202003
20200204,20200203,73,165030073,192049888,28274,N,1,39,202003
20200204,20200203,73,165030073,192058459,28268,N,1,40,202003
20200204,20200203,73,165030073,195443126,28289,N,1,41,202003
20200204,20200203,73,165030073,200919205,28316,N,5,42,202003
20200204,20200203,73,165030073,201008791,28313,N,5,43,202003
20200204,20200203,73,165030073,201018679,28316,N,5,44,202003
20200204,20200203,73,165030073,201524824,28318,N,5,45,202003
20200204,20200203,73,165030073,201607990,28320,N,5,46,202003
20200204,20200203,73,165030073,203212006,28302,N,1,47,202003
20200204,20200203,73,165030073,203212617,28308,N,5,48,202003
20200204,20200203,73,165030073,204107517,28300,N,1,49,202003
20200204,20200203,73,165030073,204209194,28304,N,5,50,202003
20200204,20200203,73,165030073,205312902,28322,N,5,51,202003
20200204,20200203,73,165030073,210347427,28315,N,12,52,202003
20200204,20200203,73,165030073,210555579,28310,N,12,53,202003
20200204,20200203,73,165030073,211854550,28290,N,1,54,202003
20200204,20200203,73,165030073,212025306,28287,N,2,55,202003
20200204,20200203,73,165030073,212650769,28285,N,11,56,202003
20200204,20200203,73,165030073,212650769,28285,N,5,57,202003
20200204,20200203,73,165030073,212653490,28286,N,5,58,202003
20200204,20200203,73,165030073,212655784,28286,N,3,59,202003
20200204,20200203,73,165030073,212749776,28285,N,1,60,202003
20200204,20200203,73,165030073,212827715,28287,N,1,61,202003
20200204,20200203,73,165030073,212939833,28293,N,1,62,202003
20200204,20200203,73,165030073,213430411,28305,N,1,63,202003
20200204,20200203,73,165030073,213801034,28303,N,5,64,202003
20200204,20200203,73,165030073,214200941,28303,N,5,65,202003
20200204,20200203,73,165030073,214349756,28310,N,5,66,202003
20200204,20200203,73,165030073,214548000,28307,N,10,67,202003
20200204,20200203,73,165030073,215114571,28302,N,1,68,202003
20200204,20200203,73,165030073,215159264,28298,N,4,69,202003
20200204,20200203,73,165030073,215623529,28298,N,1,70,202003
20200204,20200203,73,165030073,215827024,28300,N,1,71,202003
20200204,20200203,73,165030073,221133151,28315,N,2,72,202003
20200204,20200203,73,165030073,221513396,28339,N,2,73,202003
20200204,20200203,73,165030073,221552302,28350,N,1,74,202003
20200204,20200203,73,165030073,221552306,28355,N,2,75,202003
20200204,20200203,73,165030073,222134920,28360,N,3,76,202003
20200204,20200203,73,165030073,222729298,28370,N,2,77,202003
20200204,20200203,73,165030073,222816514,28384,N,1,78,202003
20200204,20200203,73,165030073,222827368,28374,N,10,79,202003
20200204,20200203,73,165030073,222827411,28374,N,10,80,202003
20200204,20200203,73,165030073,222838518,28379,N,1,81,202003
20200204,20200203,73,165030073,222914936,28375,N,1,82,202003
20200204,20200203,73,165030073,223031655,28376,N,1,83,202003
20200204,20200203,73,165030073,223042777,28374,N,1,84,202003
20200204,20200203,73,165030073,223051428,28373,N,1,85,202003
20200204,20200203,73,165030073,223602231,28354,N,5,86,202003
20200204,20200203,73,165030073,224008671,28336,N,5,87,202003
20200204,20200203,73,165030073,224446278,28338,N,1,88,202003
20200204,20200203,73,165030073,224634649,28330,N,1,89,202003
20200204,20200203,73,165030073,224634659,28326,N,5,90,202003
20200204,20200203,73,165030073,230007744,28319,N,5,91,202003
20200204,20200203,73,165030073,231345642,28319,N,1,92,202003
20200204,20200203,73,165030073,231541179,28319,N,5,93,202003
20200204,20200203,73,165030073,231626225,28319,N,5,94,202003
20200204,20200203,73,165030073,233000088,28299,N,5,95,202003
20200204,20200203,73,165030073,233002125,28292,N,1,96,202003
20200204,20200203,73,165030073,233002231,28292,N,4,97,202003
20200204,20200203,73,165030073,233021749,28293,N,5,98,202003
20200204,20200203,73,165030073,233036642,28326,N,1,99,202003
20200204,20200203,73,165030073,233259278,28333,N,1,100,202003
20200204,20200203,73,165030073,233551378,28363,N,1,101,202003
20200204,20200203,73,165030073,233613984,28375,N,1,102,202003
20200204,20200203,73,165030073,233705191,28391,N,1,103,202003
20200204,20200203,73,165030073,234045249,28378,N,1,104,202003
20200204,20200203,73,165030073,234342069,28381,N,1,105,202003
20200204,20200203,73,165030073,234356134,28383,N,1,106,202003
20200204,20200203,73,165030073,234501129,28395,N,4,107,202003
20200204,20200203,73,165030073,234502360,28399,N,1,108,202003
20200204,20200203,73,165030073,234521804,28401,N,2,109,202003
20200204,20200203,73,165030073,234531328,28407,N,1,110,202003
20200204,20200203,73,165030073,234535634,28414,N,1,111,202003
20200204,20200203,73,165030073,234558859,28421,N,4,112,202003
20200204,20200203,73,165030073,234603686,28420,N,1,113,202003
20200204,20200203,73,165030073,234605766,28414,N,1,114,202003
20200204,20200203,73,165030073,234608509,28432,N,1,115,202003
20200204,20200203,73,165030073,234618241,28440,N,5,116,202003
20200204,20200203,73,165030073,234619989,28434,N,1,117,202003
20200204,20200203,73,165030073,234657179,28431,N,5,118,202003
20200204,20200203,73,165030073,234700539,28431,N,5,119,202003
20200204,20200203,73,165030073,234735267,28433,N,1,120,202003
20200204,20200203,73,165030073,234811915,28443,N,5,121,202003
20200204,20200203,73,165030073,234847532,28437,N,1,122,202003
20200204,20200203,73,165030073,235108800,28469,N,10,123,202003
20200204,20200203,73,165030073,235151346,28474,N,6,124,202003
20200204,20200203,73,165030073,235151392,28469,N,5,125,202003
20200204,20200203,73,165030073,235203847,28471,N,1,126,202003
20200204,20200203,73,165030073,235222327,28469,N,1,127,202003
20200204,20200203,73,165030073,235248733,28474,N,7,128,202003
20200204,20200203,73,165030073,235249362,28473,N,1,129,202003
20200204,20200203,73,165030073,235305267,28475,N,1,130,202003
20200204,20200203,73,165030073,235307898,28478,N,1,131,202003
20200204,20200203,73,165030073,235353215,28478,N,1,132,202003
20200204,20200203,73,165030073,235355233,28479,N,1,133,202003
20200204,20200203,73,165030073,235407594,28484,N,1,134,202003
20200204,20200203,73,165030073,235408724,28485,N,1,135,202003
20200204,20200203,73,165030073,235410169,28485,N,1,136,202003
20200204,20200203,73,165030073,235411294,28486,N,1,137,202003
20200204,20200203,73,165030073,235412373,28487,N,1,138,202003
20200204,20200203,73,165030073,235413878,28486,N,1,139,202003
20200204,20200203,73,165030073,235415787,28485,N,1,140,202003
20200204,20200203,73,165030073,235540734,28466,N,1,141,202003
20200204,20200203,73,165030073,235546437,28470,N,1,142,202003
20200204,20200203,73,165030073,235546437,28473,N,5,143,202003
20200204,20200203,73,165030073,235611518,28464,N,1,144,202003
20200204,20200203,73,165030073,235618057,28466,N,1,145,202003
20200204,20200203,73,165030073,235621711,28471,N,1,146,202003
20200204,20200203,73,165030073,235639182,28467,N,12,147,202003
20200204,20200203,73,165030073,235649431,28466,N,1,148,202003
20200204,20200203,73,165030073,235702972,28470,N,1,149,202003
20200204,20200203,73,165030073,235742597,28475,N,1,150,202003
20200204,20200203,73,165030073,000000065,28494,N,1,151,202003
20200204,20200203,73,165030073,000000071,28500,N,6,152,202003
20200204,20200203,73,165030073,000000080,28503,N,1,153,202003
20200204,20200203,73,165030073,000000125,28510,N,1,154,202003
20200204,20200203,73,165030073,000005542,28501,N,1,155,202003
20200204,20200203,73,165030073,000005582,28522,N,3,156,202003
20200204,20200203,73,165030073,000007559,28516,N,1,157,202003
20200204,20200203,73,165030073,000013327,28500,N,1,158,202003
20200204,20200203,73,165030073,000015271,28501,N,1,159,202003
20200204,20200203,73,165030073,000017150,28503,N,1,160,202003
20200204,20200203,73,165030073,000018937,28505,N,1,161,202003
20200204,20200203,73,165030073,000020725,28511,N,1,162,202003
20200204,20200203,73,165030073,000022355,28506,N,1,163,202003
20200204,20200203,73,165030073,000024340,28502,N,1,164,202003
20200204,20200203,73,165030073,000026361,28511,N,1,165,202003
20200204,20200203,73,165030073,000028172,28515,N,1,166,202003
20200204,20200203,73,165030073,000101682,28522,N,2,167,202003
20200204,20200203,73,165030073,000107405,28520,N,1,168,202003
20200204,20200203,73,165030073,000108808,28523,N,1,169,202003
20200204,20200203,73,165030073,000109503,28522,N,1,170,202003
20200204,20200203,73,165030073,000117142,28526,N,1,171,202003
20200204,20200203,73,165030073,000221605,28520,N,1,172,202003
20200204,20200203,73,165030073,000229596,28524,N,1,173,202003
20200204,20200203,73,165030073,000244217,28525,N,1,174,202003
20200204,20200203,73,165030073,000245389,28528,N,1,175,202003
20200204,20200203,73,165030073,000305161,28526,N,1,176,202003
20200204,20200203,73,165030073,000323971,28528,N,1,177,202003
20200204,20200203,73,165030073,000337728,28534,N,1,178,202003
20200204,20200203,73,165030073,000342599,28535,N,1,179,202003
20200204,20200203,73,165030073,000353012,28540,N,1,180,202003
20200204,20200203,73,165030073,000353093,28545,N,1,181,202003
20200204,20200203,73,165030073,000356666,28543,N,1,182,202003
20200204,20200203,73,165030073,000358737,28546,N,1,183,202003
20200204,20200203,73,165030073,000402551,28543,N,1,184,202003
20200204,20200203,73,165030073,000602682,28503,N,1,185,202003
20200204,20200203,73,165030073,000608051,28494,N,10,186,202003
20200204,20200203,73,165030073,000608051,28493,N,10,187,202003
20200204,20200203,73,165030073,000614177,28497,N,1,188,202003
20200204,20200203,73,165030073,000757666,28484,N,1,189,202003
20200204,20200203,73,165030073,000807400,28491,N,1,190,202003
20200204,20200203,73,165030073,000953384,28483,N,1,191,202003
20200204,20200203,73,165030073,000956771,28494,N,1,192,202003
20200204,20200203,73,165030073,001021935,28505,N,1,193,202003
20200204,20200203,73,165030073,001100766,28507,N,1,194,202003
20200204,20200203,73,165030073,001142095,28512,N,1,195,202003
20200204,20200203,73,165030073,001216297,28510,N,4,196,202003
20200204,20200203,73,165030073,001412826,28510,N,1,197,202003
20200204,20200203,73,165030073,001906028,28524,N,1,198,202003
20200204,20200203,73,165030073,001917673,28526,N,6,199,202003
20200204,20200203,73,165030073,002348618,28512,N,1,200,202003
20200204,20200203,73,165030073,002501401,28519,N,2,201,202003
20200204,20200203,73,165030073,002508190,28525,N,6,202,202003
20200204,20200203,73,165030073,002509433,28525,N,10,203,202003
20200204,20200203,73,165030073,002509476,28525,N,6,204,202003
20200204,20200203,73,165030073,002509640,28525,N,6,205,202003
20200204,20200203,73,165030073,002509762,28525,N,4,206,202003
20200204,20200203,73,165030073,002510488,28525,N,11,207,202003
20200204,20200203,73,165030073,002510491,28525,N,5,208,202003
20200204,20200203,73,165030073,002510491,28525,N,5,209,202003
20200204,20200203,73,165030073,002510539,28525,N,5,210,202003
20200204,20200203,73,165030073,002510545,28525,N,5,211,202003
20200204,20200203,73,165030073,002511658,28525,N,7,212,202003
20200204,20200203,73,165030073,002511757,28525,N,1,213,202003
20200204,20200203,73,165030073,002511918,28525,N,11,214,202003
20200204,20200203,73,165030073,002528010,28525,N,6,215,202003
20200204,20200203,73,165030073,002530516,28525,N,6,216,202003
20200204,20200203,73,165030073,002531016,28525,N,6,217,202003
20200204,20200203,73,165030073,002531137,28525,N,4,218,202003
20200204,20200203,73,165030073,002534227,28525,N,4,219,202003
20200204,20200203,73,165030073,002545783,28527,N,2,220,202003
20200204,20200203,73,165030073,002547796,28526,N,1,221,202003
20200204,20200203,73,165030073,002603959,28536,N,1,222,202003
20200204,20200203,73,165030073,002607262,28536,N,1,223,202003
20200204,20200203,73,165030073,002630724,28537,N,1,224,202003
20200204,20200203,73,165030073,002649002,28537,N,3,225,202003
20200204,20200203,73,165030073,002649002,28542,N,2,226,202003
20200204,20200203,73,165030073,002755335,28536,N,1,227,202003
20200204,20200203,73,165030073,002757105,28537,N,1,228,202003
20200204,20200203,73,165030073,002804057,28544,N,1,229,202003
20200204,20200203,73,165030073,002805074,28545,N,1,230,202003
20200204,20200203,73,165030073,002806884,28546,N,1,231,202003
20200204,20200203,73,165030073,002811079,28550,N,1,232,202003
20200204,20200203,73,165030073,002811720,28546,N,1,233,202003
20200204,20200203,73,165030073,002815091,28550,N,1,234,202003
20200204,20200203,73,165030073,002816047,28549,N,1,235,202003
20200204,20200203,73,165030073,002825916,28554,N,1,236,202003
20200204,20200203,73,165030073,002906723,28550,N,1,237,202003
20200204,20200203,73,165030073,003015168,28547,N,1,238,202003
20200204,20200203,73,165030073,003821944,28515,N,2,239,202003
20200204,20200203,73,165030073,003821947,28515,N,2,240,202003
20200204,20200203,73,165030073,004158059,28506,N,1,241,202003
20200204,20200203,73,165030073,004252498,28497,N,1,242,202003
20200204,20200203,73,165030073,004303522,28497,N,1,243,202003
20200204,20200203,73,165030073,004309270,28500,N,1,244,202003
20200204,20200203,73,165030073,004324918,28499,N,1,245,202003
20200204,20200203,73,165030073,004349158,28500,N,2,246,202003
20200204,20200203,73,165030073,004600986,28495,N,1,247,202003
20200204,20200203,73,165030073,004622714,28486,N,7,248,202003
20200204,20200203,73,165030073,004652542,28478,N,1,249,202003
20200204,20200203,73,165030073,004725975,28473,N,1,250,202003
20200204,20200203,73,165030073,004821421,28482,N,1,251,202003
20200204,20200203,73,165030073,004839110,28470,N,10,252,202003
20200204,20200203,73,165030073,004839189,28470,N,10,253,202003
20200204,20200203,73,165030073,004910871,28469,N,1,254,202003
20200204,20200203,73,165030073,004911632,28469,N,4,255,202003
20200204,20200203,73,165030073,004949121,28462,N,1,256,202003
20200204,20200203,73,165030073,005000263,28461,N,2,257,202003
20200204,20200203,73,165030073,005000263,28460,N,2,258,202003
20200204,20200203,73,165030073,005101859,28473,N,1,259,202003
20200204,20200203,73,165030073,005102454,28471,N,1,260,202003
20200204,20200203,73,165030073,005110711,28472,N,16,261,202003
20200204,20200203,73,165030073,010103097,28488,N,1,262,202003
20200204,20200203,73,165030073,010252356,28486,N,1,263,202003
20200204,20200203,73,165030073,010621586,28467,N,1,264,202003
20200204,20200203,73,165030073,010903625,28500,N,3,265,202003
20200204,20200203,73,165030073,010903779,28500,N,2,266,202003
20200204,20200203,73,165030073,010907607,28500,N,22,267,202003
20200204,20200203,73,165030073,010959819,28500,N,3,268,202003
20200204,20200203,73,165030073,011251821,28487,N,1,269,202003
20200204,20200203,73,165030073,011350610,28463,N,1,270,202003
20200204,20200203,73,165030073,011423441,28450,N,1,271,202003
20200204,20200203,73,165030073,011451537,28447,N,6,272,202003
20200204,20200203,73,165030073,011451614,28447,N,20,273,202003
20200204,20200203,73,165030073,011612771,28445,N,1,274,202003
20200204,20200203,73,165030073,011742902,28440,N,1,275,202003
20200204,20200203,73,165030073,011744761,28436,N,9,276,202003
20200204,20200203,73,165030073,012800526,28426,N,1,277,202003
20200204,20200203,73,165030073,013327093,28401,N,5,278,202003
20200204,20200203,73,165030073,013327096,28395,N,5,279,202003
20200204,20200203,73,165030073,013330003,28400,N,5,280,202003
20200204,20200203,73,165030073,013501599,28403,N,5,281,202003
20200204,20200203,73,165030073,013503903,28398,N,5,282,202003
20200204,20200203,73,165030073,013510086,28399,N,5,283,202003
20200204,20200203,73,165030073,013511952,28399,N,5,284,202003
20200204,20200203,73,165030073,013515965,28399,N,5,285,202003
20200204,20200203,73,165030073,013517988,28396,N,5,286,202003
20200204,20200203,73,165030073,013633405,28390,N,1,287,202003
20200204,20200203,73,165030073,013706697,28390,N,1,288,202003
20200204,20200203,73,165030073,014143785,28378,N,1,289,202003
20200204,20200203,73,165030073,014341334,28354,N,1,290,202003
20200204,20200203,73,165030073,014346702,28350,N,1,291,202003
20200204,20200203,73,165030073,014614569,28339,N,1,292,202003
20200204,20200203,73,165030073,015046114,28340,N,1,293,202003
20200204,20200203,73,165030073,015133211,28333,N,1,294,202003
20200204,20200203,73,165030073,015300538,28327,N,2,295,202003
20200204,20200203,73,165030073,015601918,28344,N,1,296,202003
20200204,20200203,73,165030073,022251440,28400,N,1,297,202003
20200204,20200203,73,165030073,031230521,28333,N,1,298,202003
20200204,20200203,73,165030073,031236683,28325,N,2,299,202003
20200204,20200203,73,165030073,031352270,28300,N,1,300,202003
20200204,20200203,73,165030073,032003502,28329,N,3,301,202003
20200204,20200203,73,165030073,032526482,28340,N,3,302,202003
20200204,20200203,73,165030073,033722020,28356,N,3,303,202003
20200204,20200203,73,165030073,034256638,28353,N,10,304,202003
20200204,20200203,73,165030073,034333615,28353,N,3,305,202003
20200204,20200203,73,165030073,035739251,28361,N,3,306,202003
20200204,20200203,73,165030073,035814853,28359,N,10,307,202003
20200204,20200203,73,165030073,040545620,28336,N,3,308,202003
20200204,20200203,73,165030073,040716224,28324,N,3,309,202003
20200204,20200203,73,165030073,042131867,28349,N,3,310,202003
20200204,20200203,73,165030073,042355166,28343,N,3,311,202003
20200204,20200203,73,165030073,044019914,28340,N,1,312,202003
20200204,20200203,73,165030073,044407428,28362,N,3,313,202003
20200204,20200203,73,165030073,044736622,28373,N,1,314,202003
20200204,20200203,73,165030073,045941237,28369,N,1,315,202003
20200204,20200203,73,165030073,052011976,28372,N,3,316,202003
20200204,20200203,73,165030073,052048473,28375,N,2,317,202003
20200204,20200203,73,165030073,052419734,28385,N,4,318,202003
20200204,20200203,73,165030073,053001019,28392,E,2,319,202003
20200204,20200204,73,165030073,084501051,28337,O,13,320,202003
20200204,20200204,73,165030073,084503859,28326,N,1,321,202003
20200204,20200204,73,165030073,084637040,28336,N,1,322,202003
20200204,20200204,73,165030073,085001876,28331,N,1,323,202003
20200204,20200204,73,165030073,085052293,28336,N,1,324,202003
20200204,20200204,73,165030073,085429841,28338,N,1,325,202003
20200204,20200204,73,165030073,085538651,28330,N,1,326,202003
20200204,20200204,73,165030073,085829089,28325,N,1,327,202003
20200204,20200204,73,165030073,090632325,28351,N,1,328,202003
20200204,20200204,73,165030073,090831777,28354,N,1,329,202003
20200204,20200204,73,165030073,090951184,28360,N,1,330,202003
20200204,20200204,73,165030073,090952296,28360,N,4,331,202003
20200204,20200204,73,165030073,091019169,28373,N,1,332,202003
20200204,20200204,73,165030073,091211155,28372,N,1,333,202003
20200204,20200204,73,165030073,092106378,28377,N,1,334,202003
20200204,20200204,73,165030073,093254662,28372,N,1,335,202003
20200204,20200204,73,165030073,093254662,28373,N,2,336,202003
20200204,20200204,73,165030073,094147266,28370,N,1,337,202003
20200204,20200204,73,165030073,094147638,28370,N,1,338,202003
20200204,20200204,73,165030073,094147650,28370,N,1,339,202003
20200204,20200204,73,165030073,094950339,28370,N,1,340,202003
20200204,20200204,73,165030073,094952656,28370,N,1,341,202003
20200204,20200204,73,165030073,094955278,28370,N,3,342,202003
20200204,20200204,73,165030073,095650168,28368,N,1,343,202003
20200204,20200204,73,165030073,095954196,28370,N,1,344,202003
20200204,20200204,73,165030073,100006733,28370,N,2,345,202003
20200204,20200204,73,165030073,100007470,28380,N,1,346,202003
20200204,20200204,73,165030073,100007472,28380,N,1,347,202003
20200204,20200204,73,165030073,100007472,28380,N,1,348,202003
20200204,20200204,73,165030073,100013230,28399,N,2,349,202003
20200204,20200204,73,165030073,100015795,28411,N,1,350,202003
20200204,20200204,73,165030073,100015879,28420,N,1,351,202003
20200204,20200204,73,165030073,100145114,28396,N,1,352,202003
20200204,20200204,73,165030073,100202402,28396,N,2,353,202003
20200204,20200204,73,165030073,101032404,28370,N,1,354,202003
20200204,20200204,73,165030073,101032408,28370,N,1,355,202003
20200204,20200204,73,165030073,101032409,28370,N,1,356,202003
20200204,20200204,73,165030073,101451071,28399,N,6,357,202003
20200204,20200204,73,165030073,101451146,28399,N,1,358,202003
20200204,20200204,73,165030073,101451150,28399,N,1,359,202003
20200204,20200204,73,165030073,101451318,28399,N,1,360,202003
20200204,20200204,73,165030073,101451329,28399,N,1,361,202003
20200204,20200204,73,165030073,102110005,28426,N,1,362,202003
20200204,20200204,73,165030073,102110009,28427,N,1,363,202003
20200204,20200204,73,165030073,102110047,28427,N,1,364,202003
20200204,20200204,73,165030073,102110261,28427,N,1,365,202003
20200204,20200204,73,165030073,103220468,28421,N,1,366,202003
20200204,20200204,73,165030073,103304802,28422,N,1,367,202003
20200204,20200204,73,165030073,103327662,28427,N,1,368,202003
20200204,20200204,73,165030073,103335363,28428,N,4,369,202003
20200204,20200204,73,165030073,103343038,28432,N,1,370,202003
20200204,20200204,73,165030073,103400073,28439,N,1,371,202003
20200204,20200204,73,165030073,103459518,28437,N,1,372,202003
20200204,20200204,73,165030073,103531173,28443,N,1,373,202003
20200204,20200204,73,165030073,103543142,28445,N,1,374,202003
20200204,20200204,73,165030073,103605259,28450,N,6,375,202003
20200204,20200204,73,165030073,103617074,28450,N,3,376,202003
20200204,20200204,73,165030073,103617077,28450,N,1,377,202003
20200204,20200204,73,165030073,103705032,28464,N,1,378,202003
20200204,20200204,73,165030073,103739783,28465,N,1,379,202003
20200204,20200204,73,165030073,103757048,28464,N,1,380,202003
20200204,20200204,73,165030073,103837936,28464,N,1,381,202003
20200204,20200204,73,165030073,103840720,28462,N,1,382,202003
20200204,20200204,73,165030073,103907370,28463,N,1,383,202003
20200204,20200204,73,165030073,103907370,28462,N,1,384,202003
20200204,20200204,73,165030073,103958612,28456,N,1,385,202003
20200204,20200204,73,165030073,104017227,28463,N,1,386,202003
20200204,20200204,73,165030073,104025501,28465,N,1,387,202003
20200204,20200204,73,165030073,104031975,28465,N,1,388,202003
20200204,20200204,73,165030073,104125212,28450,N,1,389,202003
20200204,20200204,73,165030073,104407898,28443,N,1,390,202003
20200204,20200204,73,165030073,104435307,28443,N,1,391,202003
20200204,20200204,73,165030073,105632730,28454,N,1,392,202003
20200204,20200204,73,165030073,110329753,28451,N,1,393,202003
20200204,20200204,73,165030073,110329798,28451,N,1,394,202003
20200204,20200204,73,165030073,110329856,28451,N,1,395,202003
20200204,20200204,73,165030073,110438909,28451,N,1,396,202003
20200204,20200204,73,165030073,110438909,28452,N,1,397,202003
20200204,20200204,73,165030073,110707913,28439,N,1,398,202003
20200204,20200204,73,165030073,112345977,28426,N,1,399,202003
20200204,20200204,73,165030073,113226779,28440,N,1,400,202003
20200204,20200204,73,165030073,113622278,28450,N,1,401,202003
20200204,20200204,73,165030073,113823448,28433,N,1,402,202003
20200204,20200204,73,165030073,115404058,28441,N,1,403,202003
20200204,20200204,73,165030073,120922595,28425,N,1,404,202003
20200204,20200204,73,165030073,120922595,28426,N,12,405,202003
20200204,20200204,73,165030073,121614645,28439,N,1,406,202003
20200204,20200204,73,165030073,121614647,28439,N,5,407,202003
20200204,20200204,73,165030073,121614649,28439,N,5,408,202003
20200204,20200204,73,165030073,121614649,28439,N,1,409,202003
20200204,20200204,73,165030073,121614665,28439,N,10,410,202003
20200204,20200204,73,165030073,121614703,28439,N,10,411,202003
20200204,20200204,73,165030073,121614703,28439,N,1,412,202003
20200204,20200204,73,165030073,121614906,28439,N,6,413,202003
20200204,20200204,73,165030073,121614908,28439,N,5,414,202003
20200204,20200204,73,165030073,121615031,28439,N,4,415,202003
20200204,20200204,73,165030073,121615718,28435,N,1,416,202003
20200204,20200204,73,165030073,121810824,28445,N,3,417,202003
20200204,20200204,73,165030073,122049188,28450,N,1,418,202003
20200204,20200204,73,165030073,122127080,28450,N,1,419,202003
20200204,20200204,73,165030073,122229546,28458,N,1,420,202003
20200204,20200204,73,165030073,122758344,28450,N,1,421,202003
20200204,20200204,73,165030073,123541297,28474,N,1,422,202003
20200204,20200204,73,165030073,123541297,28475,N,1,423,202003
20200204,20200204,73,165030073,123541298,28476,N,1,424,202003
20200204,20200204,73,165030073,123541300,28477,N,1,425,202003
20200204,20200204,73,165030073,123541300,28478,N,2,426,202003
20200204,20200204,73,165030073,123541331,28480,N,5,427,202003
20200204,20200204,73,165030073,123541501,28482,N,1,428,202003
20200204,20200204,73,165030073,123541688,28490,N,1,429,202003
20200204,20200204,73,165030073,123602234,28497,N,1,430,202003
20200204,20200204,73,165030073,123717031,28507,N,10,431,202003
20200204,20200204,73,165030073,123717031,28507,N,1,432,202003
20200204,20200204,73,165030073,123717033,28507,N,1,433,202003
20200204,20200204,73,165030073,123718225,28507,N,1,434,202003
20200204,20200204,73,165030073,123858788,28513,N,1,435,202003
20200204,20200204,73,165030073,123909407,28512,N,1,436,202003
20200204,20200204,73,165030073,123930086,28517,N,1,437,202003
20200204,20200204,73,165030073,123936446,28516,N,1,438,202003
20200204,20200204,73,165030073,123948213,28516,N,1,439,202003
20200204,20200204,73,165030073,124020887,28516,N,1,440,202003
20200204,20200204,73,165030073,124021739,28516,N,1,441,202003
20200204,20200204,73,165030073,124023388,28516,N,1,442,202003
20200204,20200204,73,165030073,124026585,28517,N,1,443,202003
20200204,20200204,73,165030073,124037970,28524,N,1,444,202003
20200204,20200204,73,165030073,124039638,28523,N,1,445,202003
20200204,20200204,73,165030073,124106171,28525,N,1,446,202003
20200204,20200204,73,165030073,124106727,28520,N,2,447,202003
20200204,20200204,73,165030073,124143052,28517,N,3,448,202003
20200204,20200204,73,165030073,124221182,28516,N,1,449,202003
20200204,20200204,73,165030073,124221182,28515,N,1,450,202003
20200204,20200204,73,165030073,124244064,28515,N,1,451,202003
20200204,20200204,73,165030073,124341945,28510,N,1,452,202003
20200204,20200204,73,165030073,124342021,28510,N,1,453,202003
20200204,20200204,73,165030073,124342277,28510,N,1,454,202003
20200204,20200204,73,165030073,124342482,28510,N,1,455,202003
20200204,20200204,73,165030073,124403251,28515,N,1,456,202003
20200204,20200204,73,165030073,124556647,28530,N,1,457,202003
20200204,20200204,73,165030073,124627386,28519,N,10,458,202003
20200204,20200204,73,165030073,124647785,28518,N,1,459,202003
20200204,20200204,73,165030073,124700380,28515,N,1,460,202003
20200204,20200204,73,165030073,124700380,28514,N,4,461,202003
20200204,20200204,73,165030073,124718455,28515,N,9,462,202003
20200204,20200204,73,165030073,124718572,28514,N,1,463,202003
20200204,20200204,73,165030073,124754647,28506,N,5,464,202003
20200204,20200204,73,165030073,124824684,28503,N,5,465,202003
20200204,20200204,73,165030073,124856571,28503,N,5,466,202003
20200204,20200204,73,165030073,124930466,28503,N,1,467,202003
20200204,20200204,73,165030073,124930466,28502,N,4,468,202003
20200204,20200204,73,165030073,124958704,28502,N,5,469,202003
20200204,20200204,73,165030073,125029657,28501,N,5,470,202003
20200204,20200204,73,165030073,125057544,28500,N,7,471,202003
20200204,20200204,73,165030073,131031964,28494,N,1,472,202003
20200204,20200204,73,165030073,131241133,28493,N,1,473,202003
20200204,20200204,73,165030073,131244910,28493,N,1,474,202003
20200204,20200204,73,165030073,131244911,28493,N,1,475,202003
20200204,20200204,73,165030073,131244914,28493,N,1,476,202003
20200204,20200204,73,165030073,131244934,28493,N,1,477,202003
20200204,20200204,73,165030073,131244934,28493,N,1,478,202003
20200204,20200204,73,165030073,131244937,28493,N,1,479,202003
20200204,20200204,73,165030073,131304765,28495,N,2,480,202003
20200204,20200204,73,165030073,131304765,28496,N,11,481,202003
20200204,20200204,73,165030073,131304765,28497,N,28,482,202003
20200204,20200204,73,165030073,131524751,28496,N,1,483,202003
20200204,20200204,73,165030073,132010825,28507,N,11,484,202003
20200204,20200204,73,165030073,132010825,28508,N,10,485,202003
20200204,20200204,73,165030073,132010825,28509,N,3,486,202003
20200204,20200204,73,165030073,133200927,28524,N,1,487,202003
20200204,20200204,73,165030073,133200950,28525,N,1,488,202003
20200204,20200204,73,165030073,133438162,28530,N,1,489,202003
20200204,20200204,73,165030073,133600721,28533,N,1,490,202003
20200204,20200204,73,165030073,133601311,28535,N,1,491,202003
20200204,20200204,73,165030073,133630394,28540,N,2,492,202003
20200204,20200204,73,165030073,133630473,28540,N,1,493,202003
20200204,20200204,73,165030073,133630493,28540,N,1,494,202003
20200204,20200204,73,165030073,133630742,28540,N,1,495,202003
20200204,20200204,73,165030073,133637065,28540,N,1,496,202003
20200204,20200204,73,165030073,133739281,28531,N,1,497,202003
20200204,20200204,73,165030073,134745483,28513,N,2,498,202003
20200204,20200204,73,165030073,140305416,28510,N,3,499,202003
20200204,20200204,73,165030073,140434647,28506,N,1,500,202003
20200204,20200204,73,165030073,140434647,28507,N,11,501,202003
20200204,20200204,73,165030073,140434663,28510,N,1,502,202003
20200204,20200204,73,165030073,140434671,28511,N,1,503,202003
20200204,20200204,73,165030073,140434675,28512,N,1,504,202003
20200204,20200204,73,165030073,140434681,28513,N,1,505,202003
20200204,20200204,73,165030073,140434683,28514,N,1,506,202003
20200204,20200204,73,165030073,140434692,28515,N,1,507,202003
20200204,20200204,73,165030073,140434695,28516,N,1,508,202003
20200204,20200204,73,165030073,140434770,28517,N,1,509,202003
20200204,20200204,73,165030073,140435147,28518,N,1,510,202003
20200204,20200204,73,165030073,140802530,28521,N,1,511,202003
20200204,20200204,73,165030073,140802530,28520,N,1,512,202003
20200204,20200204,73,165030073,141426522,28522,N,1,513,202003
20200204,20200204,73,165030073,142218463,28519,N,1,514,202003
20200204,20200204,73,165030073,142250204,28519,N,1,515,202003
20200204,20200204,73,165030073,142307331,28518,N,1,516,202003
20200204,20200204,73,165030073,142402377,28516,N,1,517,202003
20200204,20200204,73,165030073,142745245,28516,N,1,518,202003
20200204,20200204,73,165030073,144150763,28530,N,1,519,202003
20200204,20200204,73,165030073,144309124,28537,N,1,520,202003
20200204,20200204,73,165030073,144330250,28539,N,1,521,202003
20200204,20200204,73,165030073,144330250,28540,N,1,522,202003
20200204,20200204,73,165030073,144330251,28541,N,1,523,202003
20200204,20200204,73,165030073,144330251,28542,N,8,524,202003
20200204,20200204,73,165030073,144330258,28544,N,5,525,202003
20200204,20200204,73,165030073,144331577,28550,N,5,526,202003
20200204,20200204,73,165030073,144456984,28541,N,4,527,202003
20200204,20200204,73,165030073,144711714,28548,N,1,528,202003
20200204,20200204,73,165030073,144714536,28547,N,1,529,202003
20200204,20200204,73,165030073,144731179,28549,N,1,530,202003
20200204,20200204,73,165030073,144732325,28549,N,1,531,202003
20200204,20200204,73,165030073,144734649,28550,N,1,532,202003
20200204,20200204,73,165030073,144828101,28546,N,1,533,202003
20200204,20200204,73,165030073,144838710,28546,N,1,534,202003
20200204,20200204,73,165030073,144852220,28547,N,1,535,202003
20200204,20200204,73,165030073,144853544,28548,N,1,536,202003
20200204,20200204,73,165030073,144855965,28546,N,1,537,202003
20200204,20200204,73,165030073,144857615,28546,N,1,538,202003
20200204,20200204,73,165030073,144900325,28546,N,11,539,202003
20200204,20200204,73,165030073,144900325,28547,N,2,540,202003
20200204,20200204,73,165030073,144945092,28550,N,1,541,202003
20200204,20200204,73,165030073,145219439,28545,N,5,542,202003
20200204,20200204,73,165030073,145452707,28529,N,3,543,202003
20200204,20200204,73,165030073,145458289,28528,N,21,544,202003
20200204,20200204,73,165030073,145458289,28527,N,6,545,202003
20200204,20200204,73,165030073,145507692,28529,N,4,546,202003
20200204,20200204,73,165030073,145557376,28529,N,1,547,202003
20200204,20200204,73,165030073,145709078,28531,N,6,548,202003
20200204,20200204,73,165030073,145721911,28531,N,6,549,202003
20200204,20200204,73,165030073,145912233,28533,N,1,550,202003
20200204,20200204,73,165030073,150024958,28530,N,10,551,202003
20200204,20200204,73,165030073,150025277,28530,N,1,552,202003
20200204,20200204,73,165030073,150242232,28532,N,1,553,202003
20200204,20200204,73,165030073,150815648,28535,N,11,554,202003
20200204,20200204,73,165030073,150925027,28534,N,10,555,202003
20200204,20200204,73,165030073,150925027,28534,N,11,556,202003
20200204,20200204,73,165030073,151501009,28563,E,5,557,202003
20200204,20200203,73,165060073,230607375,28150,O,1,558,202006
20200204,20200203,73,165060073,232445035,28150,N,1,559,202006
20200204,20200203,73,165060073,003418509,28358,N,1,560,202006
20200204,20200203,73,165060073,003757645,28498,N,1,561,202006
20200204,20200203,73,165060073,003925118,28401,N,1,562,202006
20200204,20200203,73,165060073,003925118,28359,N,1,563,202006
20200204,20200203,73,165060073,003925118,28308,N,1,564,202006
20200204,20200203,73,165060073,003925118,28236,N,1,565,202006
20200204,20200203,73,165060073,014544300,28176,E,1,566,202006
20200205,20200204,73,165030073,163204976,28520,O,6,1,202003
20200205,20200204,73,165030073,163511522,28520,N,4,2,202003
20200205,20200204,73,165030073,163825418,28520,N,1,3,202003
20200205,20200204,73,165030073,163842849,28520,N,2,4,202003
20200205,20200204,73,165030073,163909821,28515,N,1,5,202003
20200205,20200204,73,165030073,163944726,28512,N,1,6,202003
20200205,20200204,73,165030073,164025265,28513,N,10,7,202003
20200205,20200204,73,165030073,165112777,28526,N,1,8,202003
20200205,20200204,73,165030073,171003686,28610,N,1,9,202003
20200205,20200204,73,165030073,171003688,28617,N,1,10,202003
20200205,20200204,73,165030073,171745936,28610,N,1,11,202003
20200205,20200204,73,165030073,172153529,28623,N,1,12,202003
20200205,20200204,73,165030073,172234939,28620,N,1,13,202003
20200205,20200204,73,165030073,172301190,28620,N,1,14,202003
20200205,20200204,73,165030073,172301190,28618,N,2,15,202003
20200205,20200204,73,165030073,172444624,28639,N,2,16,202003
20200205,20200204,73,165030073,172505710,28636,N,1,17,202003
20200205,20200204,73,165030073,172626699,28641,N,12,18,202003
20200205,20200204,73,165030073,172641026,28642,N,4,19,202003
20200205,20200204,73,165030073,172741203,28646,N,1,20,202003
20200205,20200204,73,165030073,172741204,28647,N,3,21,202003
20200205,20200204,73,165030073,172814965,28650,N,1,22,202003
20200205,20200204,73,165030073,172815107,28652,N,1,23,202003
20200205,20200204,73,165030073,173124847,28634,N,1,24,202003
20200205,20200204,73,165030073,173341079,28628,N,1,25,202003
20200205,20200204,73,165030073,173345798,28628,N,1,26,202003
20200205,20200204,73,165030073,173716822,28621,N,4,27,202003
20200205,20200204,73,165030073,173732100,28621,N,8,28,202003
20200205,20200204,73,165030073,174811687,28617,N,1,29,202003
20200205,20200204,73,165030073,174811815,28616,N,1,30,202003
20200205,20200204,73,165030073,174813855,28615,N,2,31,202003
20200205,20200204,73,165030073,174908367,28618,N,1,32,202003
20200205,20200204,73,165030073,181009600,28627,N,2,33,202003
20200205,20200204,73,165030073,182219585,28622,N,1,34,202003
20200205,20200204,73,165030073,183056790,28637,N,2,35,202003
20200205,20200204,73,165030073,183101700,28637,N,8,36,202003
20200205,20200204,73,165030073,183101700,28638,N,3,37,202003
20200205,20200204,73,165030073,183143712,28640,N,2,38,202003
20200205,20200204,73,165030073,183328292,28641,N,1,39,202003
20200205,20200204,73,165030073,183604835,28651,N,16,40,202003
20200205,20200204,73,165030073,183735737,28668,N,1,41,202003
20200205,20200204,73,165030073,183809909,28659,N,1,42,202003
20200205,20200204,73,165030073,184048247,28661,N,1,43,202003
20200205,20200204,73,165030073,184243992,28660,N,1,44,202003
20200205,20200204,73,165030073,184330376,28654,N,1,45,202003
20200205,20200204,73,165030073,184425304,28646,N,2,46,202003
20200205,20200204,73,165030073,184441003,28653,N,10,47,202003
20200205,20200204,73,165030073,184441003,28654,N,5,48,202003
20200205,20200204,73,165030073,184755582,28661,N,1,49,202003
20200205,20200204,73,165030073,185151705,28673,N,10,50,202003
20200205,20200204,73,165030073,185223580,28669,N,9,51,202003
20200205,20200204,73,165030073,185223645,28670,N,1,52,202003
20200205,20200204,73,165030073,185305426,28665,N,1,53,202003
20200205,20200204,73,165030073,185535316,28662,N,10,54,202003
20200205,20200204,73,165030073,185535316,28661,N,2,55,202003
20200205,20200204,73,165030073,190022444,28664,N,1,56,202003
20200205,20200204,73,165030073,190217154,28655,N,1,57,202003
20200205,20200204,73,165030073,190559348,28649,N,4,58,202003
20200205,20200204,73,165030073,192313191,28643,N,2,59,202003
20200205,20200204,73,165030073,192701351,28647,N,1,60,202003
20200205,20200204,73,165030073,193426435,28647,N,1,61,202003
20200205,20200204,73,165030073,194112068,28646,N,1,62,202003
20200205,20200204,73,165030073,195414605,28642,N,1,63,202003
20200205,20200204,73,165030073,195924538,28635,N,1,64,202003
20200205,20200204,73,165030073,200815188,28629,N,1,65,202003
20200205,20200204,73,165030073,200848736,28634,N,1,66,202003
20200205,20200204,73,165030073,201231933,28658,N,1,67,202003
20200205,20200204,73,165030073,201234380,28659,N,1,68,202003
20200205,20200204,73,165030073,201245135,28665,N,1,69,202003
20200205,20200204,73,165030073,201428938,28658,N,1,70,202003
20200205,20200204,73,165030073,201512010,28660,N,1,71,202003
20200205,20200204,73,165030073,201543738,28665,N,1,72,202003
20200205,20200204,73,165030073,201546639,28665,N,1,73,202003
20200205,20200204,73,165030073,202411597,28650,N,1,74,202003
20200205,20200204,73,165030073,202651638,28641,N,1,75,202003
20200205,20200204,73,165030073,204709251,28655,N,1,76,202003
20200205,20200204,73,165030073,205032801,28657,N,2,77,202003
20200205,20200204,73,165030073,211727210,28652,N,1,78,202003
20200205,20200204,73,165030073,212407107,28655,N,1,79,202003
20200205,20200204,73,165030073,212853473,28669,N,2,80,202003
20200205,20200204,73,165030073,212921352,28688,N,1,81,202003
20200205,20200204,73,165030073,213006260,28691,N,2,82,202003
20200205,20200204,73,165030073,213141935,28698,N,10,83,202003
20200205,20200204,73,165030073,213239455,28688,N,5,84,202003
20200205,20200204,73,165030073,213518058,28700,N,7,85,202003
20200205,20200204,73,165030073,214010755,28696,N,2,86,202003
20200205,20200204,73,165030073,214050179,28700,N,1,87,202003
20200205,20200204,73,165030073,214713155,28693,N,1,88,202003
20200205,20200204,73,165030073,214929561,28691,N,1,89,202003
20200205,20200204,73,165030073,215153621,28697,N,1,90,202003
20200205,20200204,73,165030073,215620347,28706,N,1,91,202003
20200205,20200204,73,165030073,215809310,28712,N,1,92,202003
20200205,20200204,73,165030073,215809394,28714,N,5,93,202003
20200205,20200204,73,165030073,215939757,28712,N,1,94,202003
20200205,20200204,73,165030073,220037255,28717,N,1,95,202003
20200205,20200204,73,165030073,220050740,28712,N,2,96,202003
20200205,20200204,73,165030073,220144790,28705,N,1,97,202003
20200205,20200204,73,165030073,220233342,28699,N,1,98,202003
20200205,20200204,73,165030073,220233390,28692,N,1,99,202003
20200205,20200204,73,165030073,220233419,28692,N,1,100,202003
20200205,20200204,73,165030073,220234201,28692,N,4,101,202003
20200205,20200204,73,165030073,220302743,28696,N,5,102,202003
20200205,20200204,73,165030073,221334402,28697,N,10,103,202003
20200205,20200204,73,165030073,221334402,28696,N,10,104,202003
20200205,20200204,73,165030073,222333773,28700,N,1,105,202003
20200205,20200204,73,165030073,222849466,28703,N,1,106,202003
20200205,20200204,73,165030073,222849466,28705,N,1,107,202003
20200205,20200204,73,165030073,224424839,28720,N,1,108,202003
20200205,20200204,73,165030073,225600837,28720,N,10,109,202003
20200205,20200204,73,165030073,225612320,28720,N,2,110,202003
20200205,20200204,73,165030073,225821305,28724,N,1,111,202003
20200205,20200204,73,165030073,225842489,28735,N,1,112,202003
20200205,20200204,73,165030073,225842545,28735,N,1,113,202003
20200205,20200204,73,165030073,225956298,28724,N,1,114,202003
20200205,20200204,73,165030073,230636548,28700,N,1,115,202003
20200205,20200204,73,165030073,232902333,28687,N,1,116,202003
20200205,20200204,73,165030073,233001421,28713,N,1,117,202003
20200205,20200204,73,165030073,233031965,28725,N,1,118,202003
20200205,20200204,73,165030073,233206226,28680,N,5,119,202003
20200205,20200204,73,165030073,233206227,28680,N,5,120,202003
20200205,20200204,73,165030073,233610701,28728,N,5,121,202003
20200205,20200204,73,165030073,233611379,28728,N,5,122,202003
20200205,20200204,73,165030073,233804381,28730,N,1,123,202003
20200205,20200204,73,165030073,233815698,28727,N,1,124,202003
20200205,20200204,73,165030073,234212699,28718,N,1,125,202003
20200205,20200204,73,165030073,234430756,28717,N,2,126,202003
20200205,20200204,73,165030073,234549177,28730,N,1,127,202003
20200205,20200204,73,165030073,234600718,28733,N,1,128,202003
20200205,20200204,73,165030073,234617603,28757,N,10,129,202003
20200205,20200204,73,165030073,234623186,28755,N,1,130,202003
20200205,20200204,73,165030073,234654968,28755,N,4,131,202003
20200205,20200204,73,165030073,234725266,28760,N,1,132,202003
20200205,20200204,73,165030073,234725266,28762,N,10,133,202003
20200205,20200204,73,165030073,234906806,28768,N,5,134,202003
20200205,20200204,73,165030073,234911869,28768,N,1,135,202003
20200205,20200204,73,165030073,234911923,28768,N,1,136,202003
20200205,20200204,73,165030073,234911944,28768,N,1,137,202003
20200205,20200204,73,165030073,234911966,28768,N,1,138,202003
20200205,20200204,73,165030073,234914480,28768,N,1,139,202003
20200205,20200204,73,165030073,234937194,28764,N,1,140,202003
20200205,20200204,73,165030073,235116936,28768,N,1,141,202003
20200205,20200204,73,165030073,235207803,28764,N,11,142,202003
20200205,20200204,73,165030073,235337844,28761,N,11,143,202003
20200205,20200204,73,165030073,235338835,28761,N,5,144,202003
20200205,20200204,73,165030073,235338959,28761,N,5,145,202003
20200205,20200204,73,165030073,235341587,28761,N,5,146,202003
20200205,20200204,73,165030073,235341763,28761,N,11,147,202003
20200205,20200204,73,165030073,235343960,28761,N,5,148,202003
20200205,20200204,73,165030073,235344286,28761,N,5,149,202003
20200205,20200204,73,165030073,235344411,28761,N,6,150,202003
20200205,20200204,73,165030073,235419908,28761,N,1,151,202003
20200205,20200204,73,165030073,235530711,28759,N,10,152,202003
20200205,20200204,73,165030073,235536244,28752,N,20,153,202003
20200205,20200204,73,165030073,235547087,28750,N,1,154,202003
20200205,20200204,73,165030073,000000574,28773,N,5,155,202003
20200205,20200204,73,165030073,000000823,28773,N,16,156,202003
20200205,20200204,73,165030073,000002179,28773,N,5,157,202003
20200205,20200204,73,165030073,000002303,28773,N,14,158,202003
20200205,20200204,73,165030073,000002303,28773,N,8,159,202003
20200205,20200204,73,165030073,000008619,28780,N,1,160,202003
20200205,20200204,73,165030073,000008662,28789,N,2,161,202003
20200205,20200204,73,165030073,000013400,28769,N,5,162,202003
20200205,20200204,73,165030073,000037691,28747,N,1,163,202003
20200205,20200204,73,165030073,000531078,28743,N,3,164,202003
20200205,20200204,73,165030073,000555197,28741,N,5,165,202003
20200205,20200204,73,165030073,000626697,28746,N,1,166,202003
20200205,20200204,73,165030073,000946445,28765,N,10,167,202003
20200205,20200204,73,165030073,000946445,28764,N,20,168,202003
20200205,20200204,73,165030073,001229552,28730,N,2,169,202003
20200205,20200204,73,165030073,001249520,28728,N,2,170,202003
20200205,20200204,73,165030073,001521956,28725,N,2,171,202003
20200205,20200204,73,165030073,001933139,28732,N,5,172,202003
20200205,20200204,73,165030073,002223946,28745,N,10,173,202003
20200205,20200204,73,165030073,002930919,28780,N,7,174,202003
20200205,20200204,73,165030073,002955803,28790,N,3,175,202003
20200205,20200204,73,165030073,003051617,28778,N,10,176,202003
20200205,20200204,73,165030073,003051617,28777,N,11,177,202003
20200205,20200204,73,165030073,003051617,28776,N,21,178,202003
20200205,20200204,73,165030073,003154056,28787,N,1,179,202003
20200205,20200204,73,165030073,003455712,28785,N,10,180,202003
20200205,20200204,73,165030073,003506884,28783,N,5,181,202003
20200205,20200204,73,165030073,003553677,28800,N,5,182,202003
20200205,20200204,73,165030073,003654580,28800,N,7,183,202003
20200205,20200204,73,165030073,003701847,28805,N,1,184,202003
20200205,20200204,73,165030073,003809756,28805,N,1,185,202003
